2916 4722
1125 319 1197 391 133

138 501 246 563 ristica
270 497 351 578 fere,
373 509 409 564 ut
430 501 474 564 ita
497 497 611 579 dicam,
641 503 766 566 ratione
789 503 832 564 ita
855 501 1139 584 transformaretur,
1160 514 1197 567 ut

140 605 322 668 Amazones
343 624 403 689 pro
424 603 735 669 vero‘focrninarum
758 602 881 691 populo
903 604 1112 684 haberentur,
1140 627 1196 670 ne-

129 691 229 771 lcesse
243 728 379 793 ¹quoque
403 716 483 786 erat,
512 717 548 772 ut
571 709 716 774 omnibus
740 709 807 773 fere
829 707 924 786 locis,
953 707 1008 772 uhi
1039 709 1195 794 ejusmodi

135 809 330 898 religionum
353 813 522 874 certamina
553 811 659 877 locum
688 811 882 890 habuerunt,
907 812 1084 877 Amazones
1107 813 1195 877 hahi-

135 921 222 978 tasse
245 913 298 978 vel
321 935 361 978 eo
384 936 484 1000 usque
499 919 694 1000 processisse
715 914 928 980 crederentur.
976 916 1075 1000 Quod
1098 939 1194 1002 quum

135 1038 293 1103 nusquam
308 1018 504 1084 manifestius
520 1019 622 1100 fuerit,
646 1041 739 1106 quam
753 1023 786 1083 in
802 1020 878 1084 Asia
894 1022 1017 1084 minore
1042 1030 1074 1084 et
1095 1023 1195 1106 potis-

136 1122 250 1184 simum
278 1123 312 1185 in
342 1143 378 1186 ea
409 1143 485 1187 orae
514 1132 620 1208 parte,
651 1145 731 1209 quae
755 1123 921 1188 Graeciam
948 1144 1058 1188 versus
1080 1127 1194 1211 vergit,

135 1223 224 1288 haud
246 1224 421 1290 mirandum
446 1236 494 1291 est
516 1247 626 1291 omnes
649 1227 718 1292 fere
742 1230 810 1313 ejus
833 1247 910 1291 orac
925 1225 1020 1291 urbes
1045 1225 1084 1289 ab
1103 1228 1195 1290 Ama·

134 1327 272 1392 zonihus
295 1327 440 1394 conditas
468 1333 573 1416 putari
587 1332 648 1412 ²⁵).
701 1332 792 1395 Hanc
819 1351 898 1396 vcro
928 1332 1116 1395 sententiam
1139 1333 1194 1394 im-

134 1431 284 1496 becillem
308 1454 378 1497 esse
400 1455 438 1523 ac
460 1435 527 1499 fere
549 1433 713 1499 ridiculam
736 1443 769 1499 et
793 1456 829 1498 ex
852 1433 1069 1520 superioribus
1092 1437 1195 1518 sequi-

136 1544 204 1614 tur,
228 1545 261 1598 et
282 1538 344 1621 ipsi
371 1545 496 1601 veteres
524 1541 586 1624 jam
617 1538 907 1602 animadverterunt
922 1538 981 1618 ²⁶).
1027 1537 1137 1622 Quare
1159 1535 1194 1601 id

134 1648 259 1704 tantum
280 1649 423 1704 nostrum
446 1639 585 1719 videtur,
613 1652 650 1708 ut
678 1651 788 1707 contra
812 1663 880 1706 eam
903 1643 1105 1718 sententiam,
1132 1661 1193 1724 qua

136 1752 171 1806 et
193 1744 340 1830 Ephesus
369 1745 445 1810 urbs
478 1755 510 1810 et
538 1767 626 1809 sacra
649 1747 787 1832 Ephesia
818 1745 858 1809 ab
882 1744 1096 1810 Amazonibus
1118 1764 1194 1807 con-

135 1847 203 1914 dita
226 1850 371 1914 feruntur
394 1858 426 1912 et
447 1851 604 1928 instituta,
633 1872 736 1936 pauca
759 1849 964 1934 disputemus.
1009 1847 1099 1912 Illam
1122 1868 1192 1911 sen-

133 1957 267 2018 tentiam
289 1954 445 2016 innumeri
466 1952 670 2038 protulerunt
684 1955 747 2034 ²⁷);
770 1953 837 2032 hac,
860 1962 896 2017 ut
919 1975 956 2018 ex
979 1951 1187 2039 Cappadocia

134 2055 240 2122 cultus
271 2058 373 2120 nostri
402 2058 557 2143 originem
589 2055 748 2122 deducere
781 2067 906 2142 posset,
940 2079 1016 2122 usus
1047 2067 1095 2122 est
1127 2053 1192 2121 Od.
1235 2077 1239 2086 ·

133 2158 311 2224 Mueller
326 2159 383 2239 28).

225 2261 290 2328 Sed
306 2265 498 2328 contrarium
512 2265 628 2350 potiuS,
644 2267 671 2327 si
686 2263 815 2349 mythos
830 2265 963 2349 propius
976 2260 1192 2347 adspicimus,

131 2365 212 2432 inde
239 2366 371 2452 probari
403 2377 520 2453 potest.
579 2367 671 2431 Licet
701 2371 783 2431 enim
812 2387 983 2444 concesso,
1012 2365 1192 2429 Amazones

134 2474 219 2535 circa
241 2471 323 2536 hanc
344 2473 509 2558 regionem
531 2491 566 2535 re
594 2493 671 2535 vera
698 2480 839 2535 versatas
863 2471 975 2549 fuisse,
1003 2466 1104 2532 multo
1127 2469 1191 2552 jam

133 2584 210 2640 anto
233 2596 340 2639 earum
364 2573 532 2639 adventum
556 2597 643 2638 sacra
659 2573 703 2638 ibi
725 2577 788 2660 jam
805 2561 965 2638 exstitisse
981 2575 1043 2659 ipsi
1065 2581 1191 2636 veteres

133 2678 374 2758 atur-manen),
397 2699 500 2764 neque
523 2677 613 2756 inde,
637 2681 697 2742 nisi
724 2677 810 2764 quod
835 2677 988 2742 admissae
1011 2677 1129 2741 fuerint
1152 2673 1192 2738 ad

134 2805 174 2847 ca
188 2803 278 2847 sacra
300 2793 493 2867 sequeretur,
515 2803 596 2868 quae
611 2781 775 2869 Pelasgica
794 2783 891 2846 luisse
912 2803 1007 2868 supra
1026 2769 1191 2844 docuimus

133 2886 164 2972 ᾗ.
189 2889 219 2950 l.
245 2925 285 2936 -
309 2885 464 2950 Hercules
486 2907 585 2972 porro
610 2895 641 2950 et
662 2887 815 2966 Bacchus,
845 2889 899 2973 qui
922 2895 1055 2971 uterque
1077 2905 1191 2971 magna

134 2992 343 3056 veneratione
367 2991 453 3078 apud
471 2991 627 3076 Ephesios
649 2990 840 3077 gaudebant,
863 2989 950 3054 bella
973 3011 1043 3052 cum
1061 2989 1193 3088 Amazo-

134 3137 338 3148 -.--—·—--

206 3205 262 3273 25)
281 3208 323 3260 cf.
343 3207 436 3257 Muoll.
454 3205 520 3255 Dor.
537 3203 556 3254 1.
574 3204 593 3252 1.
612 3216 639 3264 p·
657 3198 719 3254 389.
790 3196 842 3266 26)
863 3197 931 3258 Τοὺς
948 3199 1009 3269 περὶ
1025 3196 1134 3265 Πύγελα
1151 3199 1192 3248 λε’-

133 3315 231 3364 γοντας
254 3293 303 3353 τὰς
321 3287 484 3360 Ἀμαζόνας,
507 3287 605 3359 μεταξὺ
626 3281 735 3358 Ἑφέσου
759 3290 803 3339 καὶ
827 3285 984 3353 Μαγνησίας
1008 3286 1052 3335 καὶ
1069 3282 1191 3354 Πριήνης,

134 3384 300 3452 φλυαρεῖν
319 3397 395 3449 φησιν
414 3375 429 3430 ὃ
448 3375 605 3446 Δημήτριος.
643 3377 731 3427 strat.
749 3375 811 3442 llll,
831 3389 857 3438 p.
876 3372 937 3423 55⁰.
975 3369 1017 3422 Oi.
1035 3372 1116 3424 Paus.
1130 3371 1190 3435 Vll,

132 3468 163 3534 2,
182 3467 207 3518 7.
248 3461 288 3518 Oi
304 3465 356 3534 μὴν
374 3459 462 3516 πάντα
480 3483 507 3531 γε
525 3461 560 3512 τὰ
578 3465 602 3520 ἒς
620 3460 667 3528 τὴν
684 3460 752 3513 θεὸν
770 3457 885 3513 ἐπύθετο
906 3455 981 3530 (ἐμοὶ
1003 3453 1106 3523 δοκεῖν)
1124 3457 1192 3509 1111·-

133 3555 225 3624 δαρος,
244 3545 274 3609 ὃς
290 3545 440 3620 Ἀμαζόνας
457 3547 579 3620 τὸμῑερὸν
597 3550 645 3618 11ρη
663 3548 745 3599 τοῦτο
766 3543 927 3618 ἱδρύσασθαι
944 3581 1012 3601 ....
1033 3539 1064 3597 οὗ
1076 3543 1127 3614 μὴν
1139 3540 1192 3596 ὑπὸ

128 3634 288 3710 Ἀμαζόνων
300 3657 328 3704 ys
349 3631 454 3706 ἱδρύθη.
507 3630 561 3700 27)
579 3637 635 3686 Res
647 3633 727 3686 nimis
740 3636 805 3686 trita
817 3638 869 3700 cst,
888 3647 966 3697 quam
978 3635 1009 3683 ut
1020 3632 1063 3683 hio
1074 3631 1192 3682 referam

132 3738 230 3776 omnes
249 3721 310 3788 eius
329 3727 471 3789 auctores,
500 3735 568 3786 quos
586 3720 698 3786 collegit
716 3722 828 3773 Walter
850 3719 971 3782 Copland
989 3720 1076 3780 Perry
1095 3720 1128 3767 de
1144 3730 1192 3767 re-

134 3813 187 3862 bus
204 3810 384 3872 Ephesiorum
402 3824 429 3872 p.
448 3807 475 3877 l,
492 3808 547 3876 ubi,
566 3808 594 3859 ni
607 3810 698 3875 fauor,
717 3803 801 3871 adjici
820 3809 913 3870 potest
924 3807 1016 3858 schol.
1032 3805 1102 3854 ven.
1115 3801 1191 3852 Iliad.

134 3898 171 3962 Z,
192 3891 245 3946 186
263 3909 307 3958 op.
326 3895 409 3946 uekk.
428 3895 450 3960 1,
469 3909 496 3958 p.
517 3892 577 3962 184,
598 3897 622 3945 b.
641 3893 684 3945 51.
756 3887 809 3958 28)
827 3895 892 3944 Dor.
911 3893 947 3959 ll,
966 3906 991 3954 p.
1010 3887 1072 3942 391.
1139 3884 1192 3952 29)

133 3981 175 4034 Αἱ
200 3981 226 4032 δὲ
250 3974 305 4032 ἀπὸ
331 3976 517 4050 Θερμώδοντος
541 3986 659 4049 γυναῖκες
681 3981 782 4030 ἴθυσαν
804 3982 850 4046 μὲν
874 3981 919 4030 καὶ
945 3972 1007 4030 τότε
1030 3972 1063 4045 τῇ
1085 3968 1192 4042 Ἐφεσίᾳ

133 4063 200 4132 θεῷ,
220 4062 267 4118 ἅτε
283 4063 453 4136 ἐπιστάμενοί
468 4086 497 4130 ssa
517 4069 543 4118 ht
556 4063 671 4119 παλαιοῦ
689 4063 721 4116 τὸ
735 4061 812 4132 ἱερόν.
831 4066 911 4116 Paus.
931 4065 982 4114 1.1.
1019 4062 1060 4113 Ol.
1075 4062 1193 4112 fabulam
1240 4117 1246 4128 Ι

133 4153 221 4220 illum,
240 4167 293 4217 qua
311 4157 433 4205 Aurazo
452 4152 572 4216 Ephesi
591 4153 725 4216 nymphae
743 4148 799 4204 filia
817 4153 968 4216 appellatur
987 4163 1014 4200 n.
1034 4151 1093 4201 VH.
1113 4149 1149 4198 in.
