2910 4726
1101 295 1171 368 157

111 495 172 540 nes
195 475 321 560 scripsit
336 475 385 556 33)
408 473 533 559 aliaque
555 472 711 560 permulta
726 473 767 540 ad
781 484 880 541 artem
896 477 1085 544 rhetoricam
1100 499 1172 566 spe-

113 579 307 658 0013ιί333),
329 579 363 642 in
386 577 501 663 quihus
517 581 576 642 etsi
590 577 677 664 stylo
692 581 795 644 minus
811 583 965 669 castigato
980 604 1056 647 usus
1075 583 1171 650 luisse

114 681 240 746 dicatur
254 682 318 761 33),
345 683 490 746 inventio
519 691 625 748 tamen
653 692 747 769 atque
777 687 984 770 expositionis
1005 690 1086 752 ratio
1107 710 1173 752 ma·

114 807 263 874 gnopere
285 782 456 850 laudantur
471 786 530 866 33).

204 889 283 954 Non
298 885 430 952 multum
453 899 527 954 ante
547 887 729 954 Lolhanum
744 889 913 954 Nicetes
936 891 1095 972 sacerdos,
1118 899 1173 981 qui

115 1015 179 1079 qua
200 995 303 1080 patria
326 1002 416 1058 ortus
443 993 541 1058 fuerit
567 992 652 1058 haud
681 991 828 1072 traditur,
851 995 970 1080 Ephesi
993 995 1103 1062 docuit
1117 999 1173 1079 33),

116 1095 309 1182 Quintiliani
325 1096 464 1183 aequalis
480 1106 520 1176 et,
542 1106 577 1161 ut
596 1097 656 1176 hic,
677 1096 773 1162 Phnii
786 1099 936 1186 magister
951 1100 1009 1179 37).
1047 1103 1173 1168 Vixisse

117 1223 190 1266 eum
207 1203 325 1288 opinor
339 1199 415 1266 inde
431 1222 449 1264 a
464 1199 603 1267 Claudio
626 1200 695 1266 fere
708 1201 905 1288 Imperatore
928 1224 1027 1288 usque
1042 1203 1083 1269 ad
1096 1207 1173 1270 Tra-

115 1308 183 1391 jani
207 1315 343 1370 aetatem
358 1305 416 1385 33).

205 1407 360 1473 Hadriani
388 1428 467 1472 vero
504 1407 644 1493 aequalis
680 1418 748 1473 erat
774 1409 1003 1494 Dionysius
1020 1411 1083 1493 33),
1112 1416 1173 1500 qui,

116 1516 177 1578 cisi
199 1516 302 1600 patria
325 1511 484 1590 Milesius,
514 1511 634 1597 Ephesi
661 1521 767 1577 tamen
797 1512 908 1578 docuit
923 1514 972 1594 ³⁰)
1001 1515 1109 1602 ibique
1133 1515 1174 1581 ad

116 1627 250 1682 mortem
273 1638 374 1702 usque
396 1615 562 1692 habitavit;
590 1626 734 1682 mortuus
759 1639 838 1684 vero
861 1617 998 1704 publicis
1021 1620 1174 1686 sumtibus

116 1721 263 1809 sepultus
285 1728 556 1805 monumentoque
578 1719 611 1783 in
635 1721 707 1784 foro
730 1723 905 1787 honoratus
929 1731 978 1786 est
993 1723 1052 1804 31).

206 1826 254 1890 Ut
282 1825 389 1911 hujus,
419 1826 465 1888 sic
493 1826 586 1888 etiam
615 1824 849 1904 Phavorini,
876 1829 929 1912 qui
952 1825 1113 1892 Plutarchi
1142 1839 1174 1892 et

117 1931 294 1994 Frontonis
323 1931 440 1992 amicus
469 1927 619 2008 traditur,
647 1938 755 2015 partes
778 1931 879 1994 secuti
901 1928 1049 1998 dicuntur
1071 1931 1173 2018 Ephe-

117 2037 157 2100 sii
172 2035 232 2116 33).
278 2030 493 2096 Adrianum
516 2053 614 2118 porro
639 2033 774 2117 Tyrium
789 2034 850 2114 33),
881 2037 935 2119 qui
957 2035 1016 2100 suh
1040 2036 1174 2102 Antoni-

117 2142 167 2204 nis
191 2147 224 2203 et
247 2134 429 2202 Commodo
451 2137 529 2200 vixit
542 2137 600 2216 33),
623 2137 743 2222 Ephesi
765 2145 864 2202 artem
886 2159 974 2202 suam
997 2143 1174 2206 exercuisse

117 2246 243 2322 scimus,
265 2243 310 2306 ita
332 2249 368 2305 ut
390 2260 511 2304 summo
543 2261 613 2304 cum
640 2242 710 2326 jure
732 2239 815 2304 hanc
839 2239 949 2304 urbem
971 2245 1173 2327 praecipuam

115 2348 220 2412 ionici
241 2344 368 2410 dicendi
390 2346 516 2431 generis
539 2342 647 2408 sedem
669 2343 767 2408 fuisse
789 2342 941 2408 contendi
964 2355 1059 2430 queat
1073 2346 1132 2426 33).

207 2453 303 2516 Hunc
317 2452 416 2537 igitur
430 2447 611 2526 Adrianum,
630 2448 750 2533 Ephesi
765 2445 943 2527 docentem,
957 2448 1173 2513 Damianos

3 2571 4 2574 ’
118 2557 278 2643 Ephesius
293 2552 414 2618 audivit
427 2547 596 2639 μειράκιον
610 2551 667 2634 33).
703 2549 919 2616 Clarissimum
934 2552 1019 2616 hunc
1034 2555 1174 2618 omnium

117 2660 195 2738 iere,
219 2662 274 2746 qui
292 2658 410 2745 Ephesi
433 2655 619 2735 docuemnt,
640 2656 814 2742 sophistam
836 2654 912 2720 inde
934 2655 974 2722 ab
998 2677 1084 2722 anno
1107 2657 1175 2722 iere

119 2765 294 2830 centesimo
318 2761 561 2850 quadragesimo
590 2782 691 2847 usque
719 2759 761 2826 ad
787 2781 904 2826 annum
926 2758 1174 2838 ducentesimum

117 2923 320 2938 ι----··-“

191 3007 247 3077 22)
264 3015 325 3063 Una
342 3025 377 3062 ex
393 3011 585 3062 Demosthenis
604 3011 737 3074 Leptinen
758 3013 839 3062 ducta
861 3012 961 3062 citatur
979 3007 1089 3078 (Quint.
1107 3013 1175 3062 Inst.

121 3100 157 3167 V,
179 3092 234 3163 14)
251 3099 341 3150 Wolf.
358 3097 443 3148 Proh.
462 3098 495 3147 acl
514 3098 592 3157 Lepi.
609 3094 654 3160 37,
674 3110 701 3146 n.
718 3095 746 3146 3.
828 3091 882 3160 23)
899 3097 986 3148 Waln
1003 3100 1094 3148 Rhett.
1112 3098 1175 3164 Vll,

121 3182 155 3235 19
174 3185 212 3236 ci.
230 3185 317 3247 Kays.
335 3185 369 3234 ad
387 3183 514 3234 Philostr.
598 3176 650 3245 24)
669 3182 769 3244 Phryn.
786 3181 854 3231 hob.
872 3195 899 3243 p.
919 3179 960 3229 15.
981 3180 1041 3232 170.
1061 3180 1121 3233 180.
1141 3207 1173 3218 -

119 3266 173 3336 25)
192 3270 322 3322 Philostr.
340 3271 359 3321 1.
377 3271 397 3320 1.
468 3261 521 3332 26)
538 3265 646 3332 Dialog.
665 3269 698 3318 de
718 3269 805 3318 Oratt.
825 3279 849 3316 c.
865 3265 1174 3318 17.-330003003-

120 3362 191 3410 trov.
209 3358 261 3424 lll,
279 3355 324 3408 25.
412 3348 465 3420 27)
483 3354 552 3406 Plin.
570 3356 639 3417 lipp.
657 3355 710 3422 vl,
729 3351 760 3422 6,
778 3352 805 3405 3.
893 3347 948 3418 23)
974 3355 1051 3415 Qtrod
1069 3357 1175 3416 tempus

86 3461 91 3470 ·
120 3457 155 3495 ex
179 3443 290 3495 collatis
312 3441 393 3494 Plinii
416 3455 487 3493 anno
510 3441 596 3492 natali
619 3435 690 3508 (hx
711 3443 770 3492 fere
793 3455 819 3503 p.
840 3439 901 3490 Chr.
939 3438 980 3490 Cf.
999 3438 1100 3490 cellar.
1118 3438 1175 3490 Vit.

85 3535 91 3546 “
119 3523 180 3594 l’l.)
200 3532 229 3580 et
247 3528 358 3593 dialogo
378 3531 411 3579 de
430 3533 512 3580 oratt.
536 3527 581 3592 qui
599 3529 641 3580 Fi.
660 3527 831 3590 Vespasiano
854 3530 925 3592 Aug.
944 3527 997 3595 Vl,
1016 3527 1047 3576 ’1.
1067 3527 1176 3589 Vespa-

121 3615 201 3666 siano
215 3614 296 3666 Gaea.
315 3616 354 3666 lV
367 3615 446 3666 coss.
464 3615 570 3666 habitus
588 3619 632 3666 est
650 3611 701 3677 (72
719 3629 746 3676 p.
760 3608 850 3680 Cin),
869 3610 995 3665 efficitur.
1065 3609 1113 3674 29)
1124 3612 1176 3663 Dio

122 3701 333 3752 Cassiushlllll
347 3715 373 3764 p.
385 3697 446 3752 739.
505 3695 560 3766 30)
578 3701 705 3752 Philortr.
723 3701 759 3766 11,
777 3699 796 3750 3
814 3715 839 3764 p.
859 3698 902 3767 73,
922 3698 965 3750 17.
1022 3692 1076 3763 31)
1094 3695 1176 3766 Σῆμα

121 3788 215 3842 habult
232 3791 257 3838 lv
275 3787 311 3858 τῇ
328 3785 521 3857 ἐπιφανεστάτῃ
538 3781 654 3857 Ἐφέσῳ,
672 3790 809 3838 τέθαπται
830 3783 880 3855 γὰρ
902 3789 926 3836 lv
949 3781 983 3855 τῇ
1003 3777 1087 3853 ἀγορᾷ
1107 3781 1176 3834 κατὰ

121 3872 154 3928 τὸ
172 3871 336 3944 κυριώτατον
354 3870 400 3941 τῆς
414 3867 537 3942 Ἐφέσου,
555 3877 580 3924 ἓν
598 3867 616 3944 ᾖ
635 3874 747 3939 κατεβίω
766 3872 820 3923 κτλ.
855 3871 923 3922 Phil.
940 3872 963 3937 1,
981 3869 1016 3919 22
1034 3884 1061 3932 p.
1073 3867 1118 3936 39,
1131 3867 1175 3920 20.

122 3957 174 4024 32)
193 3959 382 4030 Προσθᾴιενοι
399 3953 472 4026 aizoi
491 3963 519 4010 oi
532 3953 654 4029 Ἐφέσιοι
670 3958 860 4010 Philostratus.
943 3949 996 4021 33)
1014 3955 1083 4006 Phil.
1100 3957 1122 4022 l,
1140 3952 1175 4004 22

124 4061 150 4108 p.
166 4043 212 4098 43.
291 4042 344 4112 34)
363 4049 473 4110 Kayser
491 4048 525 4097 ad
543 4045 610 4096 Phil.
628 4045 664 4111 ll,
684 4039 726 4094 18.
808 4039 861 4108 35)
879 4041 948 4094 Phil.
966 4041 1002 4094 ih.
1021 4056 1048 4106 p.
1067 4039 1112 4108 97,
1132 4038 1176 4090 10.

123 4128 176 4198 36)
193 4133 262 4184 Phil.
280 4134 317 4202 ll,
335 4131 370 4186 23
388 4147 415 4197 p.
435 4130 494 4185 102.
575 4126 629 4197 37)
646 4131 756 4194 Kayser
773 4130 808 4181 ad
826 4131 844 4180 l.
862 4131 881 4180 l.
