2910 4726
1114 305 1184 378 177

128 477 209 543 haec
238 475 330 544 nullo
359 475 458 542 modo
488 475 594 548 locum
624 479 669 548 ibi
692 501 804 548 revera
833 479 981 552 hahuisse
1002 484 1095 554 facile
1116 507 1186 574 por-

128 582 210 666 spici
234 591 344 666 potest
359 583 417 661 46).

217 683 421 771 Conjecturis
437 695 550 766 autem,
573 707 653 772 quae
671 686 762 753 nullo
783 700 972 777 argumento
995 694 1098 761 evinci
1110 713 1184 780 pos-

103 797 210 867 sunt,
234 787 274 854 de
296 788 452 876 industria
474 790 621 858 abstineo
638 793 697 873 ⁴⁷).

602 1035 696 1121 §.a

470 1176 835 1262 ARCHITECTURA.

321 1309 521 1395 numum
543 1313 675 1378 unnrs
698 1309 923 1378 memnon
936 1311 986 1394 *).

214 1467 376 1554 Expositis
392 1469 501 1556 templi
523 1474 584 1552 (a)
608 1471 739 1534 historia
764 1480 796 1534 et
811 1480 966 1536 structura
990 1469 1030 1534 ad
1052 1467 1181 1558 reliqua,

123 1569 239 1656 quibus
262 1571 336 1635 urbs
361 1583 469 1636 nostra
492 1572 678 1650 abundavit,
709 1573 853 1638 aedificia
875 1574 1100 1640 transeundum
1125 1585 1181 1639 est.

123 1675 161 1737 ln
184 1677 398 1762 antiquissima
423 1675 576 1742 Androcli
599 1677 677 1740 urbe
706 1700 773 1742 non
802 1681 947 1743 novimus
975 1681 1035 1742 nisi
1057 1679 1181 1744 Dianae

124 1777 277 1864 templum
300 1782 332 1846 in
356 1779 428 1846 foro
447 1781 511 1861 (b),
536 1779 694 1866 Apollinis
710 1783 816 1868 Pythii
839 1781 878 1847 ad
902 1792 1028 1870 portum
1052 1781 1181 1848 inferio-

122 1905 189 1946 rem
214 1886 280 1962 (c),
304 1883 469 1949 Minervae
493 1883 568 1964 duo,
590 1871 723 1970 quorum
748 1886 879 1951 alterum
903 1890 936 1950 in
952 1887 1118 1951 Athenaeo
1141 1889 1181 1952 si-

123 1995 189 2049 turn
214 1995 282 2049 erat
303 1989 375 2068 (d),
405 1987 536 2052 altorum
566 1991 600 2051 in
624 1987 765 2054 Coresso
785 1995 860 2072 (e).
917 1990 1078 2054 Danova
1101 1991 1181 2058 urbe

123 2112 216 2175 quam
240 2093 273 2154 in
295 2083 427 2180 planitie
455 2091 669 2156 condiderunt
689 2095 821 2178 Ephesii
851 2097 934 2157 circa
957 2093 1073 2158 Croesi
1097 2105 1182 2159 aeta·

6 2185 8 2232 ³
122 2204 202 2274 tem,
231 2193 310 2258 nihil
339 2197 416 2258 certi
439 2204 581 2270 constat;
611 2195 841 2280 hippodromus
865 2207 897 2260 et
918 2201 1083 2283 gymnasia
1107 2209 1181 2262 sunt

122 2295 209 2383 apud
233 2298 479 2384 Xenophontem
495 2297 556 2379 **)
587 2297 648 2379 (cf.
671 2321 697 2363 c.
721 2299 750 2377 I,
772 2297 800 2384 ἕ.
824 2301 860 2376 3,
883 2321 913 2362 n.
940 2301 1067 2380 1-6).
1113 2301 1180 2365 Re-

122 2403 274 2465 centioris
297 2411 401 2466 autem
424 2401 519 2480 urhis,
542 2424 633 2488 quarn
657 2403 863 2488 Lysimachus
887 2401 1038 2482 condidit,
1061 2407 1181 2492 magni·

121 2503 283 2568 licentiam
307 2515 339 2569 et
364 2515 505 2570 veterum
534 2504 606 2570 loca
636 2505 792 2570 nonnulla
821 2506 1030 2592 comprobant
1043 2506 1125 2589 Μ)
1148 2518 1180 2572 et

121 2612 243 2690 ruinae,
251 2631 331 2696 quae
344 2608 384 2672 ad
397 2607 584 2672 hodiernum
597 2609 679 2674 diem
689 2633 790 2698 usque
800 2611 920 2697 Ephesi
932 2613 1178 2698 conspiciuntur.

122 2719 301 2800 Antequam
323 2734 401 2776 vero
418 2711 458 2776 ad
482 2735 519 2778 ea
535 2714 678 2779 aedificia
697 2713 891 2792 accedamus,
915 2735 1048 2800 quorum
1063 2715 1178 2780 rudera

121 2829 302 2904 supersunt,
325 2839 361 2882 ea
384 2819 492 2903 priora
516 2841 748 2898 enumeremus,
778 2840 913 2906 quorum
943 2819 1021 2882 situs
1050 2821 1178 2884 nonnisi

123 2925 316 3010 conjecturis
341 2925 490 2987 constitui
512 2932 629 3010 potest.
997 2929 1001 2932 ’

213 3027 371 3090 Novimus
387 3029 483 3114 igitur
498 3026 615 3112 templa
638 3025 794 3090 nonnulla
817 3027 850 3087 in
873 3025 1027 3111 Ortygia:
1045 3025 1179 3106 Dianae,

122 3129 210 3214 quod
233 3139 387 3195 memorat
408 3128 534 3207 Strabo,
555 3129 700 3194 Latonae
722 3128 918 3212 aliorumque
933 3127 1077 3190 Deorum
1101 3131 1180 3192 auti-

193 3340 246 3410 46)
265 3346 368 3398 Globus
391 3359 434 3408 ap.
457 3344 596 3410 Mionnet,
620 3347 708 3394 Arous
734 3343 805 3405 apud
828 3338 1177 3408 sparnem.nissert.1x‚

122 3446 149 3493 p.
167 3428 230 3484 641.
319 3426 373 3496 47)
392 3431 496 3482 Hirtius
513 3431 542 3482 iu
560 3434 690 3494 tympano
712 3442 829 3494 pugnam
847 3431 1015 3478 Amazonum
1033 3426 1178 3478 exhibitam

122 3517 210 3570 fuisso
228 3521 324 3570 censet
341 3512 386 3582 (p.
404 3511 471 3584 39),
496 3518 525 3570 la
542 3517 686 3568 arroteriis
709 3518 793 3568 boves
818 3526 917 3567 aureus
936 3511 1033 3568 croesi
1052 3510 1095 3580 (p.
1112 3511 1178 3582 38),

121 3604 238 3656 Diouem
255 3604 431 3656 venatricem
449 3617 553 3656 summo
571 3604 599 3654 in
617 3601 740 3668 fastigio.

193 3704 233 3772 n)
250 3709 377 3760 Numeris
395 3713 424 3760 et
441 3709 530 3760 literis
547 3709 643 3760 lisdem
661 3703 784 3759 aedificia
805 3705 899 3756 notari
922 3710 951 3758 et
974 3705 1002 3758 in
1020 3709 1071 3757 heo
1094 3717 1179 3768 pora-

122 3797 228 3860 grapho
247 3798 275 3846 et
292 3796 321 3846 iu
339 3797 432 3848 tabula
444 3798 573 3861 seeundo,
592 3808 645 3859 quo
663 3794 771 3845 facilins
789 3792 817 3843 in
835 3795 950 3856 utraque
967 3795 1081 3856 possent
1098 3791 1178 3842 inve-

122 3883 183 3932 niri.
291 3875 349 3946 ἢ)
372 3877 620 3949 nell.111,4,16
641 3880 726 3950 παρῆν
745 3875 809 3948 ripule
827 3876 862 3930 τὰ
880 3881 926 3948 μὲν
944 3875 1072 3946 γυμνάσια
1090 3871 1178 3927 πάντα

6 3967 7 4016 l
120 3966 206 4036 μεστὰ
225 3961 324 4035 ἀνδρῶν
342 3968 393 4018 τῶν
410 3967 618 4037 γυμναζομένων,
636 3965 683 4018 τὸν
701 3966 728 4016 δὲ
741 3959 908 4034 ἱπποδρόμιον
921 3960 972 4016 τῶν
985 3962 1177 4032 ἱππαζομένων,

120 4050 200 4118 ffl)
211 4055 303 4116 Apoll.
316 4055 404 4117 Ἔγνω.
417 4054 505 4117 Epist.
523 4054 627 4105 XXXII
639 4047 737 4104 Alone
754 4053 780 4102 ἐν
798 4046 873 4102 πόλει
890 4046 942 4121 (τῇ
953 4044 1069 4121 Ἐφέσῳ)
1086 4085 1114 4100 ..
1134 4051 1179 4100 καὶ

121 4137 276 4211 περιπάτων
295 4141 341 4192 καὶ
358 4137 481 4210 θεάτρων
499 4133 574 4192 οὐδὲν
593 4133 687 4208 ὄφελος
705 4157 727 4190 u.
746 4155 771 4188 τ.
789 4137 812 4186 λ.

936 4217 978 4280 12
