2910 4726
261 254 335 330 lle

261 447 388 531 poetae,
410 437 468 506 sed
491 447 599 504 tamen
620 455 688 500 non
710 432 830 498 inutilis
854 443 885 498 et
899 431 1022 498 indocti
1036 432 1108 515 ³⁰)“
1131 435 1269 498 carmina
1284 437 1320 500 in

260 570 297 612 re
326 543 540 610 astronomica
569 549 601 604 et
629 539 846 627 geographica
875 540 1006 602 maxime
1034 537 1246 604 versabantur
1261 539 1320 620 ³¹).

262 651 314 719 Cl.
343 647 425 713 infra
451 649 486 710 iu
513 645 671 711 historicis
702 651 735 706 et
761 641 952 706 rhetoribus.
978 677 1018 690 —
1042 641 1151 706 Rufo
1179 640 1320 728 denique

261 753 394 830 medico,
418 748 459 814 de
481 768 545 834 quo
567 745 649 811 inira
672 743 821 825 dicemus,
837 743 975 812 Carmen
995 744 1143 810 tribuitur
1165 743 1322 816 devirtu-

262 859 346 924 tibus
367 851 536 918 herbarum
551 849 612 930 ⁸²).
731 875 735 884 ·

262 1093 329 1178 ΙΙΙ.
364 1087 608 1189 latrones,
625 1087 703 1187 (tul
718 1085 777 1172 llll
793 1083 989 1171 mallos
1005 1082 1323 1172 suthseauno.

351 1280 510 1366 Ephesum
526 1299 621 1362 quum
637 1274 892 1348 florentissimam
909 1277 1030 1354 artium,
1052 1275 1225 1360 praecipue
1240 1293 1320 1338 vero

264 1385 491 1450 architecturae
513 1379 574 1460 (cl.
596 1404 628 1465 p.
650 1379 688 1459 ll,
710 1380 738 1465 §.
763 1381 880 1458 1-3)
904 1389 936 1444 et
958 1382 1102 1464 picturae
1124 1375 1233 1442 sedem
1256 1378 1320 1458 (ib.

263 1488 291 1573 §.
315 1491 356 1568 5)
379 1486 477 1550 luisse
499 1485 642 1562 sciamus,
664 1485 775 1548 mirum
796 1482 898 1554 viden‘
920 1503 987 1548 non
1010 1491 1128 1570 potest,
1150 1478 1238 1566 quod
1252 1479 1323 1566 plu-

262 1613 314 1658 res
335 1589 389 1654 vel
410 1589 513 1675 patria
535 1586 708 1672 Ephesios,
736 1584 790 1650 vel
818 1589 872 1672 qui
898 1586 943 1650 ibi
964 1588 1107 1664 vixerint,
1136 1583 1177 1648 de
1199 1584 1323 1648 artibus

121 1771 132 1800 κ
179 1723 187 1734 ’
263 1696 425 1781 scripsisse
447 1693 617 1754 memoriae
631 1687 787 1754 traditum
810 1692 860 1752 sit.
906 1690 999 1775 Quos
1015 1691 1067 1752 vix
1088 1685 1243 1773 peculiari
1258 1688 1323 1752 boc

263 1799 339 1864 loco
361 1795 527 1870 referrem,
555 1795 617 1856 nisi
643 1791 725 1856 illud
752 1789 829 1856 inde
852 1778 1033 1858 eonfiiman'
1053 1793 1129 1856 mibi
1150 1789 1323 1868 videretur,

264 1898 402 1966 artifices
431 1893 561 1959 scholae
584 1894 765 1980 Ephesinae
793 1917 992 1981 nequaquam
1021 1898 1096 1960 artis
1122 1915 1199 1960 suae
1221 1897 1324 1960 scien·

264 2007 308 2068 tia
331 2009 425 2084 atque
447 1999 600 2062 interiore
623 1996 757 2081 quadam
779 2002 965 2085 cognitione
980 2002 1126 2077 caruisse,
1150 2020 1232 2084 quae
1254 2011 1324 2064 tau·

264 2118 380 2193 topere
406 2105 442 2166 iu
470 2098 594 2178 schola,
624 2121 705 2184 qnae
734 2122 765 2164 v.
794 2123 820 2167 c.
849 2103 991 2188 Sicyone
1020 2103 1143 2181 floruit,
1174 2101 1325 2168 laudatur

265 2215 396 2300 ejusque
412 2205 546 2294 gloriam
561 2225 630 2268 non
643 2205 803 2268 minimam
819 2205 927 2270 eflicit.
965 2206 1030 2272 Sed
1045 2204 1099 2269 vel
1119 2209 1207 2292 ipsos
1226 2206 1324 2270 artili-

265 2337 318 2380 ces
335 2312 493 2398 Ephesios
516 2307 557 2372 de
580 2329 706 2372 suarum
728 2311 840 2374 artium
869 2311 994 2374 ratione
1023 2312 1198 2374 accuratius
1220 2311 1324 2394 inqui-

264 2421 376 2481 sivisse
399 2436 437 2478 ex
460 2412 639 2478 architectis
662 2421 695 2476 et
716 2413 894 2497 pictoribus
916 2422 1057 2498 apparet,
1080 2433 1161 2497 quos
1185 2412 1226 2476 de
1249 2417 1324 2478 arti-

263 2521 326 2584 bus
349 2520 511 2603 scripsisse
532 2519 595 2601 jam
610 2513 796 2580 videbimus.
842 2517 929 2581 Inter
944 2538 1024 2603 quos
1048 2516 1323 2602 Chersiphro-

264 2644 350 2687 nem
374 2629 406 2684 et
427 2619 682 2704 Metagenem
705 2621 829 2702 priores
852 2621 987 2684 releram
1009 2624 1061 2706 (p.
1084 2621 1129 2698 ll,
1150 2621 1178 2706 ἓ.
1196 2626 1246 2702 l),
1268 2625 1323 2709 qui

265 2723 509 2793 commentarios
532 2719 573 2784 de
594 2719 715 2804 templo
732 2721 896 2806 Ephesino
917 2723 1083 2808 reliquisse
1105 2724 1321 2804 feruntur³³);
1377 2749 1383 2756 ·

266 2827 307 2893 de
336 2830 458 2912 pictura
486 2825 680 2908 scripserunt
700 2825 939 2889 Parrhasius
964 2827 1135 2912 Ephesius,
1166 2851 1258 2914 quern
1287 2833 1322 2894 in

264 2928 371 3000 indice
394 2936 557 2991 auctorum
579 2925 652 2990 libri
674 2928 793 2991 XXXV
815 2925 923 2993 laudat
937 2929 1057 2994 Plinius
1073 2933 1131 3013 ³⁴),
1155 2939 1186 2994 et
1202 2931 1323 3018 Apel-

264 3033 341 3113 les,
364 3052 453 3118 cujus
475 3030 557 3100 liber
572 3029 614 3096 de
628 3034 752 3120 pictura
769 3031 810 3097 ad
826 3028 1014 3120 discipulum
1029 3045 1221 3102 memoratur
1234 3035 1322 3122 apud

267 3135 402 3203 eundem
418 3136 476 3215 ³⁵).

266 3304 466 3320 ..μη-..1.-

336 3396 390 3467 30)
408 3403 501 3454 Verba
518 3402 660 3454 ciceronis
677 3406 803 3470 llll-,⁸⁶
821 3408 878 3456 Att.
896 3405 936 3470 11,
959 3403 1004 3456 20.
1021 3405 1066 3458 Ἠ.
1154 3399 1225 3474 ’31)
1245 3410 1321 3462 nnus

265 3489 337 3550 apud
356 3486 413 3538 Cic.
432 3491 605 3553 geographus
624 3492 652 3540 et
670 3493 828 3556 astrologus
848 3519 880 3529 —
899 3486 989 3543 Strnb.
1006 3493 1086 3559 XlV,
1105 3491 1167 3546 642.
1179 3517 1214 3530 -·
1228 3497 1321 3558 Frgm.

267 3574 338 3635 apud
355 3573 479 3623 Eustatlr.
498 3577 532 3626 ad
550 3575 630 3626 Dion.
648 3591 674 3626 v.
694 3574 900 3638 sss-steph.
919 3579 986 3639 ssya.
1001 3591 1024 3628 s.
1037 3593 1081 3629 vv.
1101 3579 1229 3632 Chaonia.
1261 3585 1319 3632 La-

265 3660 350 3724 peth,
368 3657 414 3707 ubi
426 3655 487 3723 ejus
498 3661 567 3712 Asia
578 3665 607 3712 et
618 3661 706 3725 Libya
717 3664 870 3714 laudantur.
922 3657 974 3725 32)
987 3664 1095 3716 Editum
1108 3668 1141 3716 ab
1152 3667 1221 3718 arao
1240 3663 1322 3718 lta-2.

265 3745 392 3795 -naba
409 3745 459 3813 lV,
478 3744 531 3797 714
547 3748 761 3799 ssu-Galenus
779 3762 822 3810 ap.
840 3749 918 3798 Knst.
937 3750 971 3798 ad
989 3750 1066 3802 Suid.
1081 3749 1196 3822 Ροῦφος.
1268 3747 1320 3818 33)

265 3831 364 3882 vitruv
381 3832 401 3881 l.
419 3832 472 3882 vll
488 3845 530 3895 pr.
549 3828 599 3898 (de
617 3830 705 3898 aede)
723 3834 818 3886 lonico
834 3835 935 3898 Ephesi
958 3848 1028 3898 qrrae
1048 3841 1091 3888 est
1108 3837 1212 3888 Dianae
1230 3835 1321 3889 Cher·

265 3915 375 3978 slplron
399 3921 427 3968 et
444 3920 605 3984 Metagenes
627 3919 805 3982 seripserunt.
842 3921 884 3971 Gi.
909 3926 999 3972 tamen
1016 3924 1111 3973 Muell.
1129 3926 1209 3974 Aren.
1228 3917 1255 3988 §.
1272 3921 1321 3991 ³5,

266 3998 388 4063 lp.18.
479 3999 878 4068 mutuaenutuae
957 4000 1010 4071 aa)
1033 4009 1072 4058 m.
1090 4008 1122 4059 u.
1140 4009 1253 4077 xxxv,
1272 4006 1320 4078 ao,

264 4084 301 4136 23
319 4119 369 4136 ...
387 4087 492 4151 Apellis
509 4089 669 4158 discipulus,
688 4093 723 4142 ad
740 4105 819 4154 quem
836 4094 870 4144 ue
887 4095 937 4144 hae
956 4097 1016 4145 arte
1034 4093 1154 4156 scripsit.
