2910 4726
1088 332 1159 406 175

102 511 216 576 cellam
241 521 274 576 ct
303 511 561 596 opisthodourum
591 511 696 580 locum
725 515 873 580 habuisse
902 537 1035 593 ceraseo;
1065 541 1156 604 quem

9 679 10 684 ,
100 619 194 682 situm
220 613 373 680 scalarum
403 619 496 682 ctiam
518 621 552 682 in
575 616 693 703 templo
718 617 922 686 Concordiae
945 622 1156 709 Agrigentino

102 719 277 784 observare
299 718 384 784 licet.

189 821 348 886 Valvae
382 825 548 886 restaurati
581 823 705 909 templi,
742 836 776 890 ut
810 849 891 911 quae
925 829 958 890 in
988 830 1156 914 antiquiori

100 939 193 990 eraut
209 927 267 1004 ³⁵),
291 948 309 988 e
332 947 485 1010 cupresso
502 926 598 990 luisse
614 927 788 1008 traduntur,
812 937 980 1015 earumque
995 935 1155 998 materiem

99 1028 342 1115 quadringentis
372 1049 474 1114 prope
504 1033 594 1094 annis
624 1029 737 1098 durare
770 1032 855 1118 apud
884 1033 1020 1102 Plinium
1051 1048 1157 1102 narrat

99 1135 271 1198 Mucianus
294 1143 344 1196 ter
366 1130 500 1208 Consul,
524 1153 650 1198 omnem
673 1157 778 1200 novae
800 1137 931 1202 similem
947 1139 1004 1217 ³⁶).
1038 1139 1156 1210 Postea

98 1246 206 1301 tamen
231 1238 387 1321 Traianus
412 1257 449 1298 ex
471 1238 624 1302 manubiis
641 1239 828 1323 Scytharum
850 1261 951 1306 novas
974 1241 1083 1306 valvas
1102 1243 1156 1308 de-

98 1339 223 1404 dicasse
245 1339 380 1418 ridetur,
403 1361 484 1423 quae
509 1362 545 1404 cx
567 1344 657 1406 ruina
688 1346 762 1406 anni
785 1345 850 1410 262
872 1355 1024 1424 servatae,
1046 1355 1081 1410 ut
1103 1367 1155 1410 co-

97 1444 275 1509 lumnarum
304 1442 488 1519 nonnullae,
512 1442 820 1530 Constantinopolin
850 1447 974 1513 delatae
1003 1459 1077 1516 sunt
1098 1450 1156 1514 ibi·

97 1569 161 1633 que
192 1546 300 1610 denuo
330 1545 479 1610 incendio
510 1545 646 1632 quodam
676 1553 847 1633 perierunt.
903 1553 966 1616 Eas
995 1565 1099 1624 autem
1121 1555 1154 1618 in

9 1705 10 1710 ,
97 1651 312 1738 topographia
331 1649 691 1734 Constantinopolitaua
710 1653 796 1718 hisce
812 1653 917 1718 verbis
933 1653 1082 1720 describit
1100 1658 1155 1720 Pe-

97 1765 164 1818 trus
189 1752 321 1838 Gyllius
337 1754 400 1832 ³⁷):
422 1765 531 1837 „porta
547 1755 671 1818 Dianae
686 1757 852 1842 Ephesiae,
873 1759 1003 1843 Trajani
1026 1757 1153 1836 dorium,

97 1859 136 1922 de
160 1847 318 1922 manubiis
342 1857 530 1940 Scytharum
554 1861 720 1924 continens
746 1861 919 1946 Gigantum
942 1882 1075 1948 pugnas,
1096 1863 1155 1926 Jo-

97 1966 143 2026 vis
168 1959 310 2036 fulmina,
332 1961 517 2045 Neptunum
542 1983 610 2024 ctrrn
633 1962 785 2041 tridente,
809 1963 991 2048 Apollinem
1015 1987 1084 2028 cum
1107 1987 1154 2028 sa·

96 2070 193 2154 gittis,
217 2067 249 2128 in
272 2073 362 2148 parte
384 2074 497 2148 portae
519 2065 620 2128 infera
643 2065 800 2154 Gigantes
823 2070 855 2130 in
879 2067 1035 2134 dracones
1058 2071 1155 2152 impa-

96 2180 162 2234 tum
188 2169 348 2245 iacientes,
369 2168 513 2233 matribus
536 2166 647 2254 glebas
666 2173 829 2254 jactantes,
853 2170 953 2236 oculis
968 2170 1153 2236 truculentis

9 2297 11 2316 t
97 2275 340 2358 suspicientes“.

187 2376 419 2439 Thesauros
449 2373 562 2438 eodem
592 2373 681 2451 loco,
711 2396 774 2460 quo
804 2374 909 2440 scalae
938 2383 1042 2451 eraut,
1072 2375 1151 2438 sitos

97 2481 203 2556 luisse,
228 2480 331 2542 Hirtio
354 2499 422 2540 non
446 2478 601 2542 concedo.
646 2478 680 2542 si
700 2481 782 2542 enim
807 2490 911 2544 certae
933 2498 1076 2542 camerae
1098 2500 1152 2563 pc-

97 2587 198 2648 cuniis
222 2580 413 2666 recipiendis
437 2581 614 2646 destinatae
637 2585 832 2659 crastinas
852 2604 929 2667 quas
952 2583 1071 2646 Hirtius
1093 2601 1152 2672 po-

97 2690 159 2750 suit
182 2686 226 2749 ob
250 2687 411 2770 ingentem
441 2689 595 2769 pecuniae
622 2684 854 2750 multitudinem
882 2685 982 2750 multo
1011 2687 1151 2751 munros

97 2791 195 2854 fuisse
223 2787 318 2864 ¹facile
347 2791 545 2872 perspicitur.
609 2787 731 2853 Contra
765 2789 888 2868 divitias
915 2792 990 2854 istas
1019 2791 1053 2856 in
1081 2791 1151 2874 ipsa

9 2895 10 2918 ¹
97 2893 177 2958 cella
202 2895 334 2976 ejusque
357 2895 435 2955 stois
451 2893 507 2972 ³⁸),
530 2891 582 2956 vel
607 2896 699 2957 etiam
722 2894 756 2955 in
775 2894 943 2958 Hecatesio
960 2893 1008 2973 89)
1030 2895 1151 2976 positas

165 3109 220 3178 35)
240 3115 440 3176 'theophrastus
459 3113 528 3164 iiiut.
548 3113 636 3164 Plant.
648 3112 714 3178 v,5
732 3127 759 3174 p.
777 3113 828 3164 521
848 3109 907 3179 (sd.
927 3108 1067 3174 Budaeus)
1086 3109 1150 3162 rol»-

9 3251 10 3256 ,
96 3221 146 3252 των
171 3200 198 3252 dl
218 3196 384 3268 χρονιώτατα
410 3199 481 3251 δοκεῖ
503 3195 537 3247 τὰ
561 3199 737 3266 aruspiscina
760 3201 836 3262 siros,
860 3197 894 3248 roi
918 3193 980 3264 γοῦν
1002 3200 1027 3248 ἐν
1047 3190 1149 3265 Ἐφέσῳ

95 3291 120 3342 ἐξ
146 3279 180 3338 adv
204 3287 233 3336 αἱ
255 3279 340 3353 θύραι
362 3280 412 3336 τοῦ
439 3281 486 3335 νεώ
513 3287 751 3352 τεθησαυρισμέναι
777 3287 905 3352 τέτταρας
932 3286 1028 3334 lusisse
1053 3277 1149 3349 γενεάς.

9 3433 10 3450 ¹
96 3375 182 3433 Quem
200 3373 292 3420 locum
309 3369 511 3422 venalissimum
531 3363 586 3434 (ct.
603 3371 738 3441 hodaeum
756 3384 782 3432 p.
801 3368 867 3433 5253
888 3368 1058 3432 scaligerum
1071 3368 1148 3430 ihid.;

95 3457 259 3509 salmasium
277 3457 310 3506 ad
329 3455 414 3508 solih.
433 3470 458 3518 p.
473 3452 555 3506 573a.
569 3457 603 3518 ¹³3
622 3455 738 3506 Hirtium
751 3470 777 3517 p.
790 3451 841 3519 tl)
860 3458 1000 3518 postquam
1020 3454 1065 3504 diu
1078 3455 1149 3506 marl-

9 3527 10 3540 *
94 3543 184 3607 tisque
202 3541 290 3592 modis
314 3541 432 3606 tentavi,
454 3555 526 3594 nrrne
549 3541 751 3604 simplicissimo
772 3541 880 3592 ratione
901 3541 941 3591 ita
963 3539 1148 3602 accipiendum

93 3641 206 3696 censeo,
225 3631 256 3678 ut
275 3629 372 3678 valvae
391 3629 484 3691 templi
502 3627 661 3692 antiquioris
685 3631 800 3691 quatuor
817 3629 876 3680 fere
894 3625 983 3692 γενεὰς
1000 3625 1019 3676 i.
1038 3638 1062 3676 e.
1081 3639 1149 3676 cen-

93 3719 151 3766 turn
169 3718 199 3764 et
216 3711 315 3776 viginti
327 3727 420 3766 vannos
439 3719 502 3764 aute
520 3715 733 3776 uheophrastum
751 3737 787 3750 —
804 3713 913 3780 nescio,
932 3725 1011 3776 quarn
1030 3713 1063 3762 ah
1080 3725 1149 3762 cau-

92 3813 150 3850 sam
170 3825 206 3836 -
225 3812 260 3853 ex
278 3811 330 3849 risu
346 3800 514 3852 recesserint
532 3805 561 3852 et
577 3800 605 3851 in
625 3797 760 3852 thesauris
778 3799 872 3863 templi
884 3797 1024 3862 depositae
1042 3809 1075 3846 ac
1087 3808 1149 3845 ser-

9 3889 11 3914 *
94 3889 177 3938 ratae
197 3884 310 3951 fuerint,
330 3885 375 3936 uhi
393 3899 442 3936 eas
462 3887 528 3938 vidit
546 3887 755 3950 Theophrastus.
853 3879 906 3949 36)
924 3884 994 3936 Ptin.
1011 3882 1086 3948 xvh,
1106 3879 1149 3933 to.

9 3977 11 4016 Ι
89 3968 144 4032 37)
164 3972 224 4025 hit.
242 3972 292 4036 111,
311 3984 372 4034 cap.
390 3971 409 4022 4
427 3975 497 4035 apud
514 3975 630 4024 handus.
648 3974 667 4024 l.
685 3975 704 4022 1.
724 3975 799 4022 Toni.
815 3972 838 4036 1,
857 3985 884 4034 p.
902 3965 964 4020 396.
1017 3963 1070 4032 38)
1090 3969 1149 4018 Hoc

9 4017 11 4092 l
90 4057 239 4112 Strabonis
256 4058 337 4110 lectas
355 4060 513 4121 comprobat
530 4073 556 4121 p.
575 4056 636 4109 641.
707 4052 760 4122 39)
782 4059 840 4108 flac
857 4056 964 4108 ratione
982 4052 1101 4106 thesauri
1120 4052 1148 4104 in

89 4143 281 4204 opisthotono
306 4145 498 4211 Parthenonis,
526 4147 596 4207 quod
624 4147 738 4212 vocant,
767 4141 895 4194 collocati
918 4145 1005 4192 erant.
1041 4137 1148 4188 Boecirh
