2916 4722
283 316 333 384 86

285 489 832 582 rinautne³²),'Bajanae³³),
861 494 1062 560 Undarum
1086 497 1337 584 Reginae³⁴)

285 614 317 666 et
340 600 446 665 fabula
469 600 531 679 illa,
555 622 615 685 qua
638 601 850 686 Neptunus
866 602 1001 666 Dianam
1016 621 1036 664 e
1051 603 1130 664 mari
1148 598 1339 685 produxisse
1440 615 1441 656 l

284 715 428 770 narratur
443 705 500 784 35).

758 879 786 964 §-
832 881 862 944 a.

371 1015 467 1079 Hisce
496 1015 659 1100 expositis,
689 1035 784 1099 quum
807 1016 868 1100 jam
892 1012 933 1078 de
957 1015 1046 1079 Deae
1070 1023 1198 1078 nostrae
1225 1024 1339 1080 natura

284 1118 442 1206 agendum
463 1120 519 1195 sit,
549 1115 649 1202 qualis
673 1139 710 1180 ex
738 1120 896 1182 concretis
919 1119 986 1181 istis
1010 1116 1173 1182 elementis
1196 1118 1340 1206 Pelasgi-

284 1225 328 1286 cis
352 1232 384 1286 et
405 1219 566 1286 Arcadicis
589 1218 752 1305 prodierit,
775 1229 911 1305 quatuor
933 1243 1059 1300 summa,
1082 1220 1195 1307 quibus
1213 1225 1249 1286 in
1272 1225 1340 1286 uni·

283 1347 408 1416 versum
430 1327 567 1390 numinis
591 1322 753 1409 cujusdam
775 1321 877 1388 cultus
900 1335 933 1389 et
954 1335 1067 1390 nat-ura
1083 1327 1238 1411 cognosci
1262 1347 1339 1410 que-

284 1440 346 1508 ant,
368 1428 493 1507 indicia,
516 1447 581 1513 quo
603 1447 698 1512 supra
721 1425 853 1491 diximus
877 1428 937 1508 (cl.
960 1427 1058 1514 prael.
1082 1451 1114 1513 p.
1137 1429 1174 1490 X.
1192 1427 1258 1505 XI)
1288 1449 1340 1492 or·

283 1533 366 1612 dine,
388 1553 622 1619 persequemur.

370 1638 394 1702 l.
445 1637 498 1700 De
526 1644 636 1699 natura
668 1635 810 1720 regionis
840 1655 935 1720 quum
964 1637 998 1700 in
1026 1637 1207 1700 universum
1243 1653 1340 1720 supra

281 1744 342 1827 jam
367 1739 484 1804 dictum
507 1741 547 1802 sit
564 1739 605 1817 ¹),
627 1737 660 1801 id
683 1748 804 1802 tantum
821 1746 926 1815 restat,
949 1746 984 1802 ut
999 1737 1040 1802 de
1062 1741 1100 1802 iis
1122 1736 1202 1800 locis
1226 1735 1340 1821 paullo

282 1843 458 1906 accuratius
481 1861 688 1926 exponamus,
718 1861 799 1926 quae
821 1841 947 1904 Dianae
975 1863 1064 1905 sacra
1087 1841 1219 1918 luerint,
1241 1843 1340 1926 inque

283 1944 395 2030 quihus
418 1965 517 2008 nexus
541 1941 666 2030 quidam
691 1953 745 2008 aut
760 1941 933 2026 similitudo
957 1966 1027 2008 cum
1050 1945 1195 2008 universa
1211 1943 1340 2008 Dianae
1441 2023 1442 2032 ἵ

281 2047 439 2134 religione
462 2057 624 2132 appareat.
669 2047 743 2132 Qua
766 2050 799 2110 in
821 2068 856 2112 re
879 2068 919 2112 eo
942 2051 1040 2134 majus
1063 2056 1258 2112 momentum
1281 2069 1340 2134 po·
1441 2045 1442 2092 3

281 2149 422 2216 nendum
444 2151 519 2214 mihi
541 2149 682 2229 videtur,
708 2171 771 2236 quo
796 2153 934 2236 apertius
956 2150 1026 2231 fiat,
1054 2173 1190 2230 errasse,
1213 2155 1270 2237 qui
1292 2147 1340 2216 ulss

281 2256 343 2321 lam
365 2258 449 2320 inter
470 2255 597 2318 Dianae
620 2255 780 2340 Ephesiae
804 2253 921 2319 cultum
944 2265 1039 2342 atque
1062 2254 1123 2319 alia
1140 2255 1339 2321 Graecorum

281 2363 408 2427 numina
433 2357 664 2424 similitudinem
681 2363 896 2424 intercessisse
911 2379 1042 2446 prorsus
1062 2357 1262 2448 denegarunt
1277 2361 1323 2439 ²).

370 2461 469 2549 Quod
492 2465 589 2548 igitur
612 2461 651 2525 ad
675 2463 825 2550 templum
850 2466 976 2542 attinet,
1004 2467 1088 2528 inter
1110 2463 1192 2530 duos
1214 2461 1338 2527 rivulos

281 2571 372 2632 situm
389 2567 431 2643 ³),
454 2563 551 2628 multa
573 2587 650 2629 sane
665 2566 743 2630 haec
766 2589 816 2632 res
841 2566 984 2653 exempla
1005 2566 1102 2656 habet
1123 2569 1156 2632 in
1178 2565 1339 2654 religione

279 2756 315 2821 x,
332 2749 378 2819 36,
397 2749 423 2801 5.
494 2746 547 2813 30)
565 2753 667 2802 Eadem
685 2753 756 2804 enim
774 2757 818 2805 est
835 2754 1018 2822 Britomartis,
1046 2769 1115 2822 quae
1132 2755 1263 2810 Limnaea
1282 2750 1337 2824 (11,

280 2839 324 2903 14,
343 2834 378 2903 2)
397 2842 426 2889 et
443 2836 581 2899 Dictynna
599 2835 652 2903 (11,
670 2836 716 2906 30,
734 2835 777 2900 3).
848 2835 896 2904 31)
915 2841 1040 2908 Αἰγεινέα
1058 2843 1173 2893 lielrlrer.
1209 2839 1338 2908 Alyrlolu

280 2925 400 2987 sylturg
422 2924 503 2972 Paua.
525 2921 691 2990 111,14,3.
716 2911 831 2976 Pitanae
848 2937 903 2978 una
929 2939 991 2978 oum
1017 2930 1143 2991 Neptuno
1169 2927 1338 2991 nippoeurin

279 3011 365 3060 culta.
436 3002 488 3072 32)
506 3011 575 3060 Anu.
595 3012 620 3061 d.
639 3011 728 3062 instit.
748 3013 820 3062 arch.
840 3013 907 3080 xil,
930 3029 956 3076 p.
974 3012 1036 3064 201.
1055 3035 1091 3050 ·-
1108 3015 1235 3078 Panotha
1249 3015 1338 3072 orte-

280 3109 376 3146 uamen
398 3092 439 3164 14,
458 3095 475 3146 2
495 3092 573 3158 (Act.
595 3099 685 3155 head.
703 3100 763 3148 Ber.
788 3093 883 3158 1840).
972 3095 1025 3164 33)
1051 3101 1189 3162 'l'epelroel
1209 3100 1239 3150 in
1263 3103 1338 3152 valle

280 3182 391 3234 Grenici
408 3182 551 3246 inscriptio
573 3189 684 3248 reperta
706 3185 735 3235 ln
758 3172 914 3246 parimento
937 3189 1101 3237 thermarum
1121 3180 1257 3255 Ἀρτέμιδι
1282 3189 1337 3238 Σε-

279 3264 362 3337 βαστῇ
381 3267 484 3339 Βαϊάνῃ
504 3268 551 3322 τὸν
569 3271 633 3323 ναὸν
656 3271 701 3322 καὶ
723 3269 758 3321 τὰ
783 3263 947 3338 [βαλανεῖα]
971 3273 1077 3323 lloeclrh
1102 3269 1133 3322 G.
1158 3274 1179 3324 1.
1209 3269 1336 3324 113695.

280 3369 305 3405 e.
324 3355 366 3406 (tr.
385 3355 498 3406 Dianam
517 3357 627 3407 buslani
646 3371 672 3407 u.
690 3355 735 3406 27.
805 3352 861 3422 34)
879 3361 988 3410 Gruter.
1008 3359 1093 3410 inser.
1106 3360 1226 3412 Veteres
1244 3373 1271 3421 p.
1290 3356 1335 3410 37.

279 3436 335 3503 35)
352 3440 465 3491 Aristid.
486 3443 532 3492 0r.
551 3441 578 3490 in
597 3444 714 3504 neptun.
733 3457 760 3504 p.
778 3441 823 3494 34.
842 3443 921 3509 Diod.

346 3540 388 3604 1)
408 3547 484 3594 nanc
501 3545 623 3608 regionis
641 3545 758 3598 indolem
777 3548 880 3611 siquis
902 3549 979 3598 recte
1004 3548 1190 3615 perpenderit,
1211 3544 1272 3612 jam
1290 3546 1335 3596 ia-
1437 3593 1443 3616 ,

283 3627 393 3691 telligat
414 3641 530 3681 necesse
553 3635 611 3697 est,
634 3644 683 3682 cur
706 3633 734 3682 in
758 3634 837 3684 Elide
862 3633 1031 3696 potissimum
1056 3637 1206 3697 Xenophon
1230 3633 1335 3684 Dianae

278 3714 412 3776 Ephesiae
422 3717 522 3765 cultum
536 3717 687 3769 condiderit
700 3713 781 3783 (Xer.
793 3721 860 3782 Exp.
870 3721 906 3785 V,
917 3718 945 3786 3,
956 3716 1151 3784 7-9.-Diog.
1162 3722 1254 3770 baert.
1264 3721 1335 3770 Xer.

279 3796 337 3863 8.);
357 3802 425 3850 hanc
444 3801 515 3852 enim
534 3805 634 3853 terram
653 3809 681 3854 et
698 3805 785 3867 ipsam
803 3819 909 3856 summa
924 3817 1010 3869 aqrrae
1029 3805 1194 3857 abundantia
1210 3806 1334 3869 gavisam

276 3887 364 3936 fuisse
384 3885 465 3937 tradit
484 3889 581 3938 Strabo
601 3891 675 3956 vm,
693 3889 760 3940 343:
781 3890 875 3957 Μεστὴ
894 3883 920 3942 d’
945 3893 1011 3944 ἐστὶν
1030 3889 1046 3959 ἡ
1065 3892 1096 3960 γῆ
1115 3887 1188 3943 πᾶσα
1204 3885 1336 3960 Ἀρτεμι-

280 3973 340 4021 oleru
358 3990 386 4021 τε
406 3973 449 4022 καὶ
467 3973 617 4042 Νυμφαίων
635 3999 671 4011 -·
689 3974 732 4026 dcci
751 3975 798 4042 τὴν
817 3969 947 4047 εῧῦδρίαν.
1041 3974 1219 4041 2)1ηρ1·1ω1ε
1238 3977 1333 4026 Muell.

277 4071 303 4119 p.
322 4053 388 4107 ‘2882
409 4059 516 4128 „hilam
535 4073 595 4110 was
614 4073 674 4142 vom
686 4063 787 4112 Kultus
804 4062 894 4114 dieser
907 4064 1002 4115 settin
1015 4065 1120 4114 eraihlt
1132 4063 1212 4132 wird‚
1225 4061 1264 4135 ist
1275 4062 1334 4111 sin-

278 4143 358 4206 gular
377 4146 430 4194 una
449 4147 509 4196 aem
528 4147 717 4200 uerrensoren
735 4133 867 4200 neme‘.
929 4144 965 4214 a)
983 4150 1051 4201 rrrn.
1072 4151 1105 4215 v,
1127 4145 1172 4198 31.
1192 4175 1224 4188 -
1245 4146 1287 4198 er.
1307 4161 1330 4196 c.
