2916 4722
240 378 247 384 ,
303 285 373 358 110

300 468 387 555 quod
400 467 585 556 Megabyzo
597 469 630 530 in
645 469 742 530 sacris
757 468 817 531 rite
829 466 1021 555 peragendis
1036 488 1131 554 opem
1147 467 1291 534 tulerunt
1302 472 1353 551 ⁸⁴),

302 595 407 639 curam
431 570 589 635 simulacri
609 570 790 636 babuerunt
805 571 866 652 ⁸⁵),
888 575 1038 656 mysteria
1062 571 1199 658 denique
1223 572 1355 638 admini-

300 684 439 742 stramnt
454 675 510 753 ⁵⁸).

250 848 252 858 Ι
387 779 440 841 De
472 775 675 841 reditibus
710 795 836 861 quoque
868 775 989 861 templo
1023 777 1085 840 hoc
1118 777 1193 842 loco
1229 777 1355 844 dicetur

299 885 468 968 aptissime.
512 881 571 943 llis
598 883 681 944 enim
703 878 885 943 sacerdotes
913 878 1081 944 alebantur
1103 901 1278 966 eorumque
1301 881 1356 945 ad-

298 986 520 1048 ministrationi
542 985 717 1068 praepositi
740 992 838 1046 erant.
884 983 957 1067 Qua
979 986 1070 1046 inre
1094 983 1285 1069 exponenda
1307 988 1354 1048 in-

299 1089 471 1172 scriptione
494 1087 656 1171 Ephesina
678 1083 772 1148 valde
796 1083 993 1167 adjuvamur,
1022 1107 1084 1171 qua
1111 1089 1253 1152 rationes
1277 1107 1354 1151 con-

300 1194 441 1255 tinentur
463 1211 481 1252 a
504 1189 723 1254 sacerdotibus
738 1187 809 1252 urbi
824 1187 968 1253 redditae
982 1191 1041 1269 ⁵⁷).
1087 1189 1253 1254 Publicum
1270 1193 1353 1254 enim

301 1294 387 1358 urbis
409 1296 562 1358 aerarium
585 1296 712 1378 inipso
735 1290 855 1377 templo
881 1302 948 1356 erat
975 1301 1008 1356 et
1029 1313 1046 1356 a
1070 1293 1304 1372 sacerdotibus,
1327 1297 1354 1357 ai

300 1417 366 1461 non
387 1395 669 1475 administrabatur,
692 1396 876 1460 servabatur
892 1405 1012 1472 tamen;
1034 1395 1183 1482 publicae
1198 1396 1244 1460 ibi
1259 1417 1355 1481 pecn-

298 1504 370 1566 niae
387 1501 436 1580 ⁵⁸)
458 1521 522 1564 una
545 1521 617 1564 cum
638 1503 684 1579 iis,
707 1521 789 1585 quae
811 1500 902 1564 Deae
929 1499 1055 1563 debitae
1078 1509 1180 1577 erant,
1210 1499 1355 1585 depone-

297 1606 413 1672 bantur
428 1605 491 1686 59);
513 1606 588 1669 item
610 1612 722 1668 senatu
745 1613 777 1668 et
797 1603 900 1667 scriba
922 1601 1055 1688 publico
1075 1603 1298 1688 praesentibus
1311 1605 1353 1682 ⁰⁰)

298 1711 373 1777 inde
396 1709 601 1776 sumebantur
623 1718 656 1771 et
677 1729 758 1795 quae
779 1711 813 1772 in
836 1706 923 1771 urbis
949 1705 1251 1772 administrationem
1276 1729 1354 1794 ope
1449 1767 1450 1790 p

299 1837 397 1900 raque
425 1813 554 1900 publica
582 1813 846 1898 impendebantur
861 1813 909 1891 ⁶¹)
940 1821 972 1876 ct
1000 1833 1081 1898 quae
1109 1810 1286 1876 incultum
1316 1834 1354 1876 ac

299 1918 450 1983 solennes
480 1919 694 1981 caeremonias
710 1916 767 1994 ⁰²).
813 1915 938 1998 Quibus
969 1927 1001 1980 et
1029 1935 1066 1979 ca
1094 1918 1231 2000 pecunia
1254 1937 1353 1980 annu-

298 2020 449 2086 meranda
472 2030 528 2099 est,
551 2040 632 2105 quae
655 2039 777 2082 summo
799 2017 1014 2105 pontifici'ad
1037 2017 1224 2083 efficiendos
1247 2022 1353 2106 ponti-
1449 2071 1450 2076 1

298 2125 410 2190 ficatus
433 2133 552 2188 sumtus
574 2121 758 2188 tradebatur
773 2121 830 2202 ⁶³).
1449 2181 1450 2190 ¹

386 2209 565 2293 Redierbnt
588 2235 691 2290 autem
714 2225 834 2310 templo
856 2227 1012 2312 pecuniae
1027 2224 1077 2305 ⁶⁴)
1101 2245 1119 2288 e
1142 2223 1274 2288 lacubus
1298 2225 1354 2289 Sc

298 2332 428 2398 lenusiis
445 2334 502 2413 ⁶⁵),
525 2353 563 2396 ex
584 2327 831 2394 haereditatibus
849 2330 909 2411 86),
938 2351 976 2394 ex
1003 2324 1141 2414 praediis
1164 2326 1352 2412 quibusdam
1396 2319 1403 2332 '

299 2483 498 2492 -n-——ss-

368 2555 421 2623 54)
435 2557 616 2630 Συνιερᾷσθαι
634 2561 661 2612 di
674 2555 780 2618 coicere
798 2553 989 2628 (Μεμαβύζσις)
1009 2559 1082 2628 ἴχρην
1094 2559 1250 2628 παρθένους
1263 2559 1351 2609 strab.

298 2645 372 2712 xlv,
394 2659 421 2706 p.
444 2641 507 2694 641.
604 2640 658 2708 55)
675 2648 750 2695 Unde
768 2648 840 2710 γένος
859 2647 955 2713 ἱερείων
973 2645 1017 2694 καὶ
1035 2646 1211 2713 κοσμητείρων
1235 2642 1353 2694 G.·1.u.

298 2727 378 2781 30⁰2.
400 2725 481 2780 3003.
509 2756 543 2767 -
571 2727 613 2780 Gt.
637 2733 754 2780 Mueller
776 2732 857 2780 Aron.
876 2724 901 2794 §.
920 2727 969 2796 69,
992 2744 1019 2792 p.
1037 2728 1073 2780 48
1095 2735 1132 2796 et,
1152 2743 1230 2793 quem
1249 2731 1351 2796 iaudat,
1447 2773 1448 2792 2

298 2813 443 2878 augustin.
467 2815 500 2864 aa
524 2813 583 2865 etv.
605 2817 638 2865 o.
658 2817 712 2882 vr,
731 2815 774 2866 lo.
849 2809 902 2878 aa)
922 2814 952 2865 c.
970 2817 992 2864 1.
1010 2829 1036 2866 n.
1054 2811 1125 2865 aooa
1144 2816 1237 2882 τρε...
1259 2843 1291 2852 -
1311 2819 1351 2866 a·
1447 2797 1448 2819 ¹

298 2898 441 2950 τελέσασαν
464 2898 499 2949 τὰ
526 2895 658 2968 μυστήρια
681 2902 736 2950 κτλ.
824 2893 876 2963 57)
896 2899 926 2950 C.
945 2895 1109 2965 1.n.2953‚
1128 2900 1153 2948 b.
1189 2900 1352 2961 Ephesinam

299 2998 362 3036 esse
380 2987 449 3034 hauc
460 2983 664 3046 inscriptionem
683 2985 775 3035 multis
788 2987 955 3050 argumentis
972 2984 1099 3048 probavit
1112 2984 1271 3052 licentiatus,
1292 2984 1352 3049 qui·
1446 2991 1447 3000 ¹

298 3074 358 3137 bns,
377 3071 401 3120 sl
420 3071 481 3134 quid
500 3071 528 3120 iu
546 3070 697 3120 nominibus
720 3085 826 3136 quoque
847 3072 977 3123 momenti
1000 3065 1117 3134 positum
1140 3072 1197 3136 est,
1217 3073 1351 3120 Andro-

298 3158 350 3208 nis
368 3169 465 3207 noman
485 3156 656 3207 annumerari
674 3162 766 3218 potest
784 3153 823 3224 (v.
841 3153 900 3224 35),
920 3171 996 3222 quem
1009 3157 1082 3206 inter
1099 3155 1249 3217 scriptores
1261 3158 1352 3218 ttpie-
1445 3205 1446 3208 ,

299 3243 357 3293 sios
376 3243 451 3292 iutra
467 3243 626 3293 retenemus.
662 3243 731 3292 Aliis
750 3243 855 3311 missia,
879 3244 985 3294 accedit
1007 3241 1107 3293 mensis
1132 3241 1352 3306 Gaiamaeon,

299 3329 344 3392 qui
370 3328 465 3392 quanti
497 3327 625 3378 momenti
656 3327 693 3377 sit
725 3328 752 3377 in
783 3329 961 3390 inscriptione
992 3331 1088 3380 nostra
1101 3329 1222 3390 ‘Epheso
1249 3324 1352 3391 adjudi-
1444 3387 1445 3396 p

299 3415 387 3463 canda
403 3413 475 3463 iutra
493 3413 633 3474 apparebit
655 3425 690 3462 ex
708 3407 733 3478 §.
754 3411 941 3480 13,n.v1n.
1047 3408 1099 3478 58)
1122 3415 1157 3464 V.
1177 3411 1195 3464 6
1217 3409 1301 3463 τοῦτο
1325 3412 1351 3462 δὲ
1444 3399 1445 3430 ³

299 3490 428 3546 ἀνέθεσαν
447 3499 483 3553 εὶς
498 3491 664 3566 Ἀρτεμίσιον
683 3501 778 3568 ταμίαι
795 3501 849 3548 κτλ.
935 3493 989 3573 59)
1004 3501 1040 3550 V.
1058 3497 1076 3550 8
1095 3493 1268 3568 ὀφειλομένων
1287 3515 1352 3568 χρη-

298 3575 388 3645 μάτων
407 3579 440 3649 τῇ
459 3581 523 3646 θεῷ.
612 3577 664 3648 60)
683 3585 752 3634 v.5
775 3581 908 3650 παρούσης
928 3583 1025 3654 βουλῇς
1049 3586 1093 3636 καὶ
1110 3586 1286 3653 γραμματίως
1303 3580 1353 3634 τοῦ

298 3661 347 3732 τῆς
365 3663 471 3724 πόλεως.
490 3687 523 3700 ·-
543 3667 585 3718 Gi.
603 3682 629 3718 v.
649 3667 691 3718 10.
763 3663 815 3732 61)
833 3670 871 3719 V.·
881 3668 915 3719 10
933 3671 1068 3737 iisllopsv.
1086 3672 1121 3720 V.
1134 3667 1167 3719 ll
1187 3665 1272 3720 τοῦτο
1292 3670 1351 3720 tta-

298 3752 417 3818 σείσαμεν
435 3751 469 3820 τῇ
488 3751 568 3804 πόλει.
641 3749 693 3818 62)
712 3757 772 3804 fluo
789 3755 962 3806 referendum
979 3757 1088 3808 videtur
1105 3771 1131 3806 v.
1150 3752 1175 3805 9.
1247 3751 1301 3820 63)
1322 3753 1351 3805 (i,

298 3836 320 3885 l.
338 3849 365 3885 n.
383 3833 453 3886 3987
471 3853 497 3886 v.
517 3837 532 3887 7
551 3836 599 3896 τὰς
619 3836 681 3908 ὑπὲρ
700 3840 747 3904 τῆς
766 3834 953 3909 ἀρχιερωσύνης
969 3837 1108 3911 μυριάδας,
1127 3840 1217 3904 ibique
1233 3842 1350 3891 lioecltlt.

298 3916 352 3985 64)
367 3917 537 3992 Ὁφειλόμενα
555 3943 578 3973 τ.
598 3931 629 3976 d.
647 3934 712 3975 aunt
730 3940 755 3974 v.
774 3923 805 3989 813
830 3923 844 3975 d
864 3924 946 3995 πόρος
963 3942 990 3977 v.
1008 3925 1059 3990 413
1083 3921 1213 3996 πρόσοδοι
1231 3939 1276 3989 ap.
1295 3929 1350 3977 Sis.

298 4019 324 4067 p.
343 4004 404 4056 642.
487 4003 541 4072 65)
559 4012 684 4086 strab-vl.
702 4013 722 4060 l.
767 4071 771 4092 Ι
806 4004 917 4077 etima
935 4012 986 4064 τῶν
1004 4003 1179 4082 κληρονομίων
1198 4025 1223 4062 v.
1241 4009 1288 4062 23.
1307 4009 1351 4060 24.

301 4089 343 4141 Gi.
362 4105 388 4140 v.
407 4088 529 4144 29-35.
952 4095 959 4108 '
