2916 4722
1132 323 1179 396 87

119 496 294 572 Arcadica3
318 499 363 560 sic
387 500 469 564 enim
492 500 600 566 Inachi
625 500 730 564 fontes
755 523 860 588 prope
883 503 1007 570 Dianae
1029 504 1180 591 templum

120 611 216 665 erant
245 603 277 666 in
307 605 476 668 Artemisio
503 613 612 670 monte
629 607 671 683 ⁴),
691 601 961 690 Ἀλαλκομενείας
983 604 1072 692 πηγή
1095 610 1179 676 hand

117 704 238 791 procul
261 727 280 770 a
303 705 423 791 templo
446 707 570 772 Dianae
593 707 633 772 ad
656 707 775 774 Ledam
791 711 832 789 ⁵),
856 711 929 776 fons
953 734 1023 776 cum
1045 711 1177 797 platano
1291 789 1297 804 .

120 830 229 894 prope
254 807 405 896 templum
435 809 560 878 Dianae
590 809 796 878 Cuacalesiac
828 811 972 900 Caphyis
989 815 1036 894 ⁶),
1071 815 1177 882 fontes

118 913 257 1000 κροῦνοι
274 911 319 982 ad
343 910 496 978 Callistae
519 913 670 998 ternplum
692 913 809 980 ibidem
826 917 867 994 7).
906 916 956 982 Ad
980 918 1178 1004 confluentes

120 1014 264 1101 denique
286 1015 410 1080 Nedarn
435 1027 466 1082 et
488 1018 657 1102 Lyrnacem
688 1016 803 1082 fluvios
826 1019 950 1088 Dianae
973 1022 1178 1106 Eurynomee

120 1117 221 1183 aedes
244 1122 304 1183 sita
328 1129 395 1183 erat
410 1121 454 1200 8).

212 1221 301 1314 Idem
330 1225 365 1286 in
394 1222 525 1288 lacubus
555 1222 680 1300 accidit;
710 1245 779 1288 nam
809 1235 845 1290 ut
873 1225 1059 1291 Selenusios
1089 1227 1176 1294 lacus

119 1328 249 1390 Dianae
272 1325 430 1411 Ephesiae
452 1348 560 1392 sacros
583 1326 681 1392 fuisse
704 1329 834 1406 sumus,
863 1351 1035 1415 corumque
1057 1330 1177 1396 reditus

119 1428 343 1494 sacerdotibus
366 1432 538 1516 contigisse
554 1431 596 1509 9),
619 1434 712 1496 etiam
735 1430 810 1496 alibi
826 1431 913 1498 lacus
928 1435 1054 1500 Dianae
1076 1455 1178 1500 sacra-

120 1545 173 1598 tos
196 1536 381 1620 saepissime
403 1537 580 1600 invenimus
598 1535 642 1614 ¹⁰)
666 1535 719 1614 (ci.
743 1535 772 1619 §.
795 1538 825 1612 2,
848 1539 1056 1618 nlo-19)
1080 1548 1119 1616 et,
1142 1548 1178 1602 ut

120 1647 236 1722 portus
258 1640 292 1701 in
314 1640 483 1722 praecipua
506 1638 631 1702 Dianae
654 1639 753 1702 tutela
783 1661 853 1703 esse
882 1640 1094 1706 credebantur
1116 1641 1176 1722 (ci.
1277 1717 1279 1720 Ι

119 1740 199 1806 ibid.
224 1763 255 1804 n.
279 1742 451 1821 211-24),
473 1752 584 1827 portus
607 1763 735 1826 quoquc
757 1745 935 1828 Ephesinus
957 1753 1086 1810 nostrae
1101 1744 1177 1808 Dia·

120 1866 184 1908 nae
207 1851 297 1909 sacer
319 1844 495 1910 habebatur
512 1847 567 1925 ¹¹).
613 1847 735 1910 Fontes
757 1857 871 1926 autem,
893 1869 973 1933 quos
996 1850 1029 1910 in
1052 1850 1178 1912 univer-

121 1969 192 2012 sum
215 1949 340 2012 Dianae
362 1969 470 2014 sacrus
494 1949 590 2015 fuisse
618 1952 815 2020 notissimum
839 1962 895 2029 est,
923 1949 1041 2016 multos
1063 1954 1097 2017 in
1119 1972 1178 2016 no-

121 2061 188 2116 stra
210 2051 288 2116 urbe
303 2052 429 2116 Dianae
444 2063 584 2118 sacratos
599 2053 765 2119 babemus:
788 2053 1001 2139 Hypelaeurn,
1023 2053 1063 2118 ad
1080 2076 1175 2138 quern

120 2158 191 2240 ipsa
203 2156 276 2220 Dea
291 2164 365 2219 nata
380 2154 544 2220 dicebatur
556 2157 604 2236 ¹²),
621 2157 724 2236 alium,
739 2181 831 2242 quem
844 2159 990 2224 Thrason
1006 2155 1176 2241 sculpturis

122 2261 251 2324 ornarit
268 2259 322 2339 ¹³),
345 2269 378 2324 et
392 2258 583 2344 Calippiam,
599 2282 700 2344 quem,
716 2269 751 2324 ut
766 2262 944 2346 Pegaseum
957 2270 1111 2345 stagnum,
1136 2259 1177 2343 aab
1288 2307 1291 2322 .

121 2363 281 2449 Pegasum
301 2363 422 2428 reterre
444 2381 512 2428 non
535 2363 647 2428 dubito
665 2365 721 2444 Η).
772 2365 854 2428 Nam
885 2373 917 2428 et
938 2366 973 2428 in
995 2366 1176 2430 universum

120 2468 238 2553 Pegasi
253 2487 371 2531 nornen
393 2468 528 2532 fontium
551 2470 716 2536 notionem
743 2488 821 2552 prae
844 2487 879 2529 se
903 2466 1028 2546 fert.¹⁵)
1051 2471 1176 2552 etipse

122 2591 229 2654 equus
251 2569 307 2634 ille
336 2569 462 2636 divinus
491 2575 615 2656 saepius
646 2575 782 2636 arctiore
816 2567 953 2654 quodam
986 2593 1070 2638 nexu
1105 2594 1176 2638 cum

121 2675 230 2738 Diana
259 2676 447 2759 conjunctus
476 2678 650 2754 invenitur,
678 2685 714 2740 ut
743 2673 906 2752 Corinthi,
935 2675 990 2740 ubi
1019 2680 1052 2742 in
1074 2672 1176 2762 ipsius

122 2777 249 2841 Dianae
273 2776 391 2863 templo
416 2777 535 2842 iontem
559 2782 682 2864 aperuit
699 2779 753 2858 16),
777 2787 808 2842 et
830 2779 863 2841 in
878 2778 1002 2858 fabulis,
1026 2801 1107 2865 quae
1126 2781 1175 2844 Pi-

122 3031 144 3095 1,
158 3023 184 3094 §.
197 3026 224 3094 4,
238 3041 266 3077 n.
280 3025 314 3076 14
327 3037 364 3075 ss.
418 3022 453 3089 4)
471 3027 553 3076 Pons.
563 3027 637 3092 vlit,
650 3023 677 3092 6,
690 3023 716 3076 6.
770 3020 1028 3088 5)Λάδασιάδιον.
1064 3027 1130 3076 ibid.
1150 3039 1174 3076 c.

123 3111 245 3180 12,6.’1.
301 3111 335 3174 6)
353 3113 393 3162 lb.
411 3126 435 3162 o.
453 3109 499 3178 23,
517 3109 544 3176 3,
562 3107 589 3158 4.
645 3107 736 3172 7)11ι.
756 3123 780 3158 c.
799 3106 883 3174 3558.
938 3106 972 3171 Β)
991 3111 1030 3159 11).
1049 3123 1074 3159 c.
1093 3108 1173 3176 41,6.

122 3195 157 3263 9)
176 3199 267 3249 strab.
278 3200 352 3265 xiv,
371 3213 397 3261 p.
416 3195 477 3248 647.
534 3191 586 3259 lo)
604 3196 773 3260 Praeterea,
786 3205 949 3256 quaesupra
967 3191 1106 3244 attulimus
1125 3208 1175 3246 ex-

122 3288 221 3352 empla,
234 3287 302 3335 baeu
313 3295 418 3348 quoque
429 3285 571 3333 habemus:
585 3281 689 3330 Dianae
700 3279 829 3330 Aricinae
840 3281 917 3329 lacus
931 3291 1010 3329 sacer
1023 3283 1083 3329 erat
1094 3275 1174 3344 (0111-
1243 3307 1246 3322 ·

122 3385 180 3423 ver.
198 3373 260 3422 ital.
280 3375 335 3421 ant.
354 3385 380 3433 p.
393 3365 459 3433 921)
478 3383 494 3419 e
511 3381 623 3433 graeco,
642 3369 678 3438 ut¹
689 3367 806 3432 videtur,
817 3365 942 3416 instituto
960 3360 1053 3429 (Paua.
1073 3367 1108 3434 lt,
1127 3365 1174 3432 27,

121 3454 168 3524 t),
192 3461 222 3509 et
244 3458 347 3508 Dianae
369 3458 584 3519 Leucophrynae
607 3453 768 3516 Magnesiae
793 3449 1174 3519 (xen.rre11.111,n‚19).

12 3597 14 3610 ,
124 3541 211 3607 11)((1
221 3541 290 3612 ἱερὸς
299 3538 372 3611 λιμήν
378 3543 548 3606 Creophylus
559 3555 602 3603 ap.
613 3541 709 3592 Athen.
715 3537 856 3606 Vrinam.
868 3532 1173 3606 or.c.1‚§.3,a.ts-47.

124 3625 174 3694 12)
194 3630 295 3680 strabo
313 3630 387 3696 xlv,
400 3626 461 3679 647.
498 3630 594 3680 Athen.
613 3627 689 3692 vui,
707 3625 768 3678 361.
788 3625 832 3676 Cf.
843 3639 868 3688 p.
881 3622 942 3676 536.
1015 3623 1066 3689 13)
1085 3629 1174 3682 Suet.

122 3716 197 3782 xlv,
215 3712 278 3766 641.
297 3717 338 3766 De
361 3712 495 3779 ejusmodi
516 3713 630 3766 sontium
647 3712 816 3766 ornamentis
839 3713 874 3762 ef.
892 3713 974 3768 Paua.
992 3712 1032 3776 11,
1056 3711 1083 3777 3,
1102 3713 1128 3764 2.
1147 3711 1173 3764 ³.

123 3797 174 3866 14)
192 3804 272 3852 nane
290 3801 451 3852 sententiam
470 3799 533 3864 olim
548 3797 608 3864 jam
625 3798 801 3860 proposuisse
822 3798 901 3850 video
922 3796 1085 3850 Hardoinuna
1104 3799 1137 3848 ad
1156 3798 1174 3848 1.

122 3886 156 3954 V,
176 3902 202 3950 p.
221 3884 283 3938 279.
375 3882 424 3947 15)
444 3887 565 3950 Pegasus
583 3885 736 3946 appellatus
754 3886 807 3951 est,
829 3886 898 3947 quod
917 3885 951 3934 ad
969 3879 1054 3948 πηγὰς
1073 3882 1176 3935 oceani

123 3977 204 4024 natus
217 3973 262 4023 sit.
281 3972 399 4034 Neptuni
410 3968 482 4022 fitius
501 3965 564 4036 (0v.
576 3973 643 4022 Met.
656 3972 704 4038 Vl,
719 3965 793 4036 119),
807 3970 909 4020 fontem
922 3969 950 4020 tn
963 3966 1095 4020 Helicone
1107 3979 1175 4031 upe-

121 4058 157 4109 rit
178 4054 314 4124 (Patisco.
334 4059 386 4125 lx,
405 4056 435 4112 31
446 4093 454 4124 ,
473 4051 507 4121 3)
531 4061 559 4108 et
582 4059 724 4110 'rroeuene
744 4051 793 4123 (11,
811 4053 857 4122 31,
871 4052 914 4121 b).
989 4050 1042 4133 16)
1059 4056 1175 4109 Pausau.

122 4145 158 4208 ιι,
177 4141 204 4208 3,
225 4141 251 4192 a.
