2916 4722
496 715 499 722 .
546 593 587 674 r.
642 591 795 679 omns.
867 555 870 566 ’

230 759 396 846 Cereris
413 778 650 845 Eleusinios
672 803 760 844 sacra
776 803 846 846 eom
862 784 929 867 ipsa
946 779 1074 847 colonia
1091 781 1195 866 Ephe-

137 905 209 949 sum
235 884 366 947 Athenis
389 883 540 947 translata
567 882 727 962 videntur,
757 887 875 970 quippe
905 906 1038 970 quorum
1067 883 1196 948 admini-

137 989 253 1052 stratio
270 989 353 1050 iuter
368 985 535 1073 privilegia
557 990 616 1051 ista
640 987 745 1066 fuerit,
768 1010 857 1074 quae,
880 990 952 1072 ipso
974 991 1108 1073 imperio
1123 988 1195 1054 suh-

137 1090 222 1167 iato,
259 1088 414 1154 Androeli
443 1093 580 1175 posteris
610 1111 763 1156 concessa
792 1113 884 1178 sopra
916 1090 1049 1155 vidimus
1079 1091 1139 1170 (ci.
1169 1114 1195 1156 c.

138 1193 230 1279 ll,.§.
251 1195 321 1276 10).
366 1195 498 1258 Praeter
514 1192 729 1274 =Eleusinia
753 1204 856 1260 autem
874 1193 1195 1282 Thesmophoria

138 1321 159 1362 a
182 1297 366 1362 mulieribus
381 1297 529 1383 Ephesiis
553 1297 712 1364 celebrata
734 1299 832 1364 fuisse
846 1299 960 1362 scimus
978 1299 1034 1378 ³⁰).
1067 1298 1118 1363 Ad
1134 1297 1196 1365 Ce-
1304 1368 1309 1379 ,

138 1423 243 1466 rerem
273 1399 411 1486 denique
440 1399 548 1464 [abula
577 1401 731 1486 quaedam
755 1403 915 1489 Ephesina
943 1401 1111 1466 referenda
1140 1412 1196 1480 est,

138 1527 224 1591 quae
247 1503 287 1568 de
310 1503 477 1568 Pandareo
491 1503 632 1589 Ephesio
656 1516 809 1571 narratur.
847 1505 1019 1570 Habitahat
1042 1508 1125 1570 enim
1141 1505 1196 1570 ille

137 1611 174 1672 in
197 1609 315 1672 Priona
343 1617 453 1671 monte
484 1595 576 1692 eique
604 1618 759 1696 tamquam
789 1607 908 1674 donum
940 1607 1065 1674 dedisse
1095 1607 1196 1674 Ceres

138 1710 282 1788 traditur,
305 1720 349 1790 ut,
371 1709 602 1796 quantumlibet
628 1711 745 1792 ederet,
768 1734 936 1798 numquam
954 1722 1058 1777 tamen
1084 1699 1197 1778 venter

138 1817 209 1901 ejus
234 1816 362 1879 nimium
384 1813 569 1899 impleretur
583 1815 645 1896 ³¹).

386 2111 393 2122 '
506 2105 566 2188 vl.
614 2106 834 2191 rssnnnvn

229 2330 341 2414 Aeque
363 2336 508 2394 vetustus
531 2327 741 2392 Minervae
761 2319 867 2392 'cultus
891 2336 966 2404 erat,
990 2339 1022 2392 et
1044 2331 1070 2392 is
1094 2351 1113 2392 a
1134 2351 1196 2394 me-

112 2415 116 2432 *
138 2432 264 2520 tropoli
288 2455 358 2496 cum
380 2435 450 2518 ipsa
474 2429 604 2496 colonia
619 2430 781 2516 Ephesum
803 2429 981 2496 translatus.
1028 2432 1196 2518 Templum

138 2538 289 2602 Minerva
311 2535 422 2600 habuit
447 2538 481 2600 in
505 2534 665 2612 Trachea,
692 2536 906 2619 antiquissima
935 2535 1022 2602 urbis
1044 2547 1133 2622 parte
1148 2538 1197 2619 ³²)

139 2651 175 2706 et
196 2641 333 2706 fortasse
355 2644 389 2706 in
406 2639 574 2704 Athenaeo
597 2636 774 2702 monticulo
798 2638 857 2720 (ci.
881 2661 907 2703 c.
924 2641 980 2720 IV,
1002 2664 1033 2727 p.
1046 2642 1084 2722 11,
1107 2639 1135 2726 §.
1151 2643 1195 2722 3).

222 2744 274 2810 Ad
297 2745 379 2808 hanc
401 2764 528 2830 quoque
543 2742 646 2806 Deam
669 2741 806 2808 fortasse
830 2741 935 2829 aliqua
958 2767 1034 2810 sane
1053 2767 1089 2810 ex
1106 2754 1196 2832 parte

139 2858 266 2936 spectat
296 2848 418 2926 fabula,
446 2868 527 2933 quae
557 2845 597 2910 de
628 2845 810 2926 Aedone,
847 2848 1004 2914 Pandarei
1031 2847 1099 2912 filia
1127 2870 1198 2914 nar-

139 2963 229 3016 ratur
244 2952 303 3031 ³³).
341 2953 423 3016 Nam
440 2960 472 3014 et
494 2953 562 3035 ipsa
579 2950 725 3014 Minerva
743 2950 885 3016 aedon
908 2951 1131 3037 appellabatur
1146 2954 1197 3032 ³⁴),

140 3067 183 3135 et,
205 3053 260 3141 qui
282 3057 315 3120 in
339 3054 451 3120 eodem
474 3053 586 3137 mytho
616 3055 733 3137 conjux
762 3053 846 3118 iilius
870 3053 1049 3136 appellatur
1071 3053 1145 3117 Pol
1151 3076 1196 3138 y-

114 3160 328 3236 'technus‚
349 3161 383 3222 in
407 3155 639 3222 eoVuleanum
662 3153 772 3233 latere,
795 3156 848 3240 qui
871 3164 903 3217 et
923 3156 1198 3238 κλυτοτέχνης

140 3272 192 3327 est
206 3263 254 3343 ³⁵)
279 3271 311 3326 et
332 3257 556 3345 πολύμητις
572 3258 636 3339 ⁸⁶)‚'
652 3260 703 3322 vix
720 3255 926 3322 dubitandum
943 3266 1000 3336 est,
1022 3257 1196 3324 dummodo

139 3529 173 3579 Β.
191 3530 224 3578 Α.
243 3541 270 3590 p.
289 3524 341 3578 447
360 3529 430 3591 apud
448 3527 564 3580 Boeekh.
582 3527 616 3577 de
633 3525 751 3576 henneis
769 3540 795 3588 p.
817 3524 860 3576 52.
948 3521 1001 3588 3⁰)
1028 3525 1127 3576 Herod.
1146 3527 1196 3592 Vl,

141 3610 186 3665 16.
275 3610 328 3676 31)
347 3617 446 3664 Anton.
465 3613 582 3666 [Aberul.
601 3614 667 3664 Fen.
688 3612 733 3662 xi.
769 3608 928 3680 Πανδάρεως
946 3606 1005 3678 ᾤκει
1023 3609 1069 3679 τῆς
1086 3611 1133 3679 γῆς
1150 3608 1198 3679 τῆς

137 3694 283 3768 Ἐφεσίας,
308 3693 338 3749 i'r'
362 3703 416 3750 ἐστι
437 3699 481 3750 νῦν
505 3696 519 3751 ὅ
542 3696 638 3772 Πρὴων
663 3696 736 3768 παρὰ
760 3695 807 3764 τὴν
832 3692 917 3759 πόλιν,
941 3691 961 3762 qi
986 3697 1054 3749 διδοῖ
1072 3692 1197 3766 Δημήτηρ

140 3781 233 3854 δῶρον,
252 3780 386 3855 μηδέποτε
405 3785 569 3854 &apertisime
587 3785 634 3853 τὴν
652 3781 767 3854 γαστέρα
790 3780 842 3835 ὑπὸ
861 3787 947 3836 σιτίων
966 3781 1064 3836 ὁπόσον
1083 3777 1115 3832 ἂν
1133 3779 1197 3848 πλῆ-

140 3875 197 3929 θος
216 3869 398 3938 εἰσενέγκηται.
437 3871 479 3922 Gi.
496 3875 603 3936 Jacoby
622 3874 709 3937 myth.
727 3872 869 3923 worterb.
881 3871 917 3936 11,
930 3885 956 3932 ι).
970 3867 1022 3921 696
1034 3873 1091 3920 not.
1144 3863 1197 3933 32)

142 3955 293 4020 creopnyr.
312 3959 377 4009 flor.
395 3959 462 4021 Epir.
482 3972 525 4022 ap.
544 3962 640 4010 Athen.
660 3954 816 4024 V111‚3tl,
836 3957 867 4006 D.
948 3952 1002 4017 33)
1021 3957 1119 4006 Antan.
1139 3955 1196 4006 hih.

140 4043 210 4094 nan.
230 4045 276 4094 xl.
341 4038 394 4108 34)
413 4046 532 4108 Hesyoh.
551 4059 575 4095 s.
594 4059 619 4094 v.
636 4037 744 4110 Ἀηδῶν.
799 4039 850 4108 ³5)
873 4045 949 4094 ilem.
967 4042 998 4091 ΙΙ.
1017 4041 1118 4109 xvnt,
1135 4037 1197 4093 391.

140 4123 199 4193 36)
217 4131 249 4182 n.
268 4129 343 4198 xxr,
362 4126 424 4181 aaa.
653 4125 661 4134 “
