2866 4736
271 291 322 362 lo

171 511 174 522 =
272 476 374 562 accipi
387 495 494 562 posse,
516 443 580 558 quo
597 470 726 559 Ephesii
742 467 853 548 Chios,
875 469 929 554 qui
947 487 966 532 e
980 486 1088 553 pugna
1105 465 1204 529 saucii
1219 463 1329 550 Ephe·

271 601 340 644 sum
363 577 582 663 confugerant,
602 574 809 662 praedatores
837 573 900 636 reti
925 569 1066 655 undique
1093 571 1328 634 circumventos

272 681 511 759 obtruncarunt,
533 682 585 744 vix
607 676 765 765 estquod
788 696 950 750 moneam
978 694 1045 738 nox
1066 675 1149 736 enim
1173 680 1250 750 erat,
1273 691 1329 735 ne·

36 808 40 817 ’
156 871 159 878 ¹
272 805 335 870 que
350 785 491 869 Ephesii,
514 803 594 868 quos
616 780 835 867 frequentibus
862 775 1020 864 ejusmodi
1041 774 1265 862 praedatorum
1288 777 1329 838 ir-

273 886 475 972 ruptionibus
498 887 659 972 expositos
682 884 779 948 luisse
802 884 924 960 scimus,
944 889 1075 968 pugnae
1098 881 1213 943 exitum
1228 899 1329 942 nove·

273 999 348 1055 runt
364 990 422 1071 ³¹).
461 1025 501 1040 -
539 989 622 1052 Utut
647 1007 727 1054 vero
757 995 819 1066 est,
842 983 986 1052 Graecos
1015 980 1200 1068 proditione
1222 984 1327 1046 victos

275 1076 345 1158 esse
367 1093 417 1175 82)
447 1100 493 1170 et,
524 1091 639 1156 Mileto
666 1092 802 1176 septimo
832 1087 1032 1154 delectionis
1050 1107 1135 1150 anno
1167 1094 1261 1170 capta
1276 1087 1328 1166 33),

273 1195 434 1282 belloque,
457 1197 484 1258 si
498 1197 621 1258 minora
644 1191 798 1278 quaedam
820 1189 944 1278 proelia
966 1192 1136 1275 exceperis,
1158 1187 1254 1253 finito
1270 1189 1329 1268 ³⁴),

275 1301 401 1364 tertium
423 1297 482 1364 sub
505 1298 672 1362 Persarum
695 1294 946 1362 domitiationem
968 1295 1095 1358 venisse
1117 1295 1193 1358 satis
1215 1301 1331 1356 notum

275 1411 325 1468 est
338 1403 396 1484 85).
442 1401 480 1465 ln
502 1421 567 1485 quo
590 1399 694 1464 Mileti
723 1383 845 1464 eir'cidio
868 1399 976 1479 (493)
1004 1405 1131 1483 praeter
1157 1397 1256 1460 totius
1278 1395 1332 1459 Io-

274 1501 557 1590 assequenda
585 1510 693 1568 secuta
722 1511 784 1583 est,
812 1502 1059 1588 subjectionem,
1086 1497 1122 1564 id
1149 1498 1245 1566 nobis
1271 1519 1332 1584 po-

276 1611 426 1673 tissimum
449 1605 655 1694 spectandum
678 1615 734 1685 est,
757 1605 844 1692 quod
866 1604 937 1698 sola
959 1603 1034 1683 fere,
1058 1625 1150 1689 quam
1172 1606 1258 1668 inter
1279 1624 1332 1666 ur·

275 1712 332 1778 bes
348 1713 459 1776 Ioniae
473 1710 593 1790 habuit,
615 1709 738 1775 aemula
760 1708 881 1788 deleta.
896 1708 1045 1794 Ephesus
1062 1713 1181 1786 nostra,
1203 1705 1331 1770 firmato
1402 1732 1404 1740 s

254 1817 371 1908 etiam
392 1817 545 1878 interiore
566 1816 614 1878 rei
635 1811 783 1899 publicae
805 1821 897 1891 statu,
920 1833 1006 1876 nuno
1027 1809 1164 1889 tandem,
1187 1808 1276 1895 quod
1300 1818 1333 1872 et

276 1925 410 2002 propter
438 1918 516 1980 situs
545 1918 816 2002 opportunitatem
845 1915 997 2000 urbisque
1024 1912 1276 2002 magnitudinem
1299 1921 1333 1976 et

277 2028 411 2105 propter
439 2017 550 2108 templi
578 2028 673 2104 atque
694 2016 860 2106 religionis
882 2017 995 2082 famam
1016 2021 1142 2104 jamjam
1164 2026 1333 2094 meruerat,

277 2125 377 2188 totius
399 2122 510 2187 Ioniae
526 2131 623 2210 caput
644 2121 727 2185 lacta
742 2124 792 2200 sit,
816 2143 951 2208 eamque
969 2120 1220 2208 dignitatemper
1233 2119 1332 2184 multa

277 2225 406 2292 saecula
426 2229 592 2292 retinuerit
606 2226 664 2306 ³⁶).
710 2223 762 2291 ef.
785 2224 813 2310 ᾗ.
837 2228 868 2292 9.
891 2233 968 2290 extr.
983 2247 1011 2290 c.
1035 2225 1090 2304 111,
1112 2224 1140 2309 §.
1167 2225 1219 2288 ll.
1244 2232 1321 2288 extr.
1346 2301 1350 2308 ι

243 2392 245 2396 .
365 2329 470 2417 Quem
492 2333 607 2394 misera
623 2350 703 2394 vero
726 2315 802 2416 posl
818 2327 964 2393 Miletum
986 2338 1110 2414 captam
1124 2327 1240 2392 Ionum
1263 2347 1333 2391 sors

277 2433 381 2513 fuerit,
403 2421 537 2498 urbibus
561 2437 726 2518 occupatis
749 2433 938 2518 civibusque
956 2431 1141 2510 interfectis,
1161 2432 1272 2515 pueris
1289 2438 1334 2494 at

278 2557 340 2620 que
362 2535 479 2621 puellis
500 2519 628 2599 'violatis
650 2535 776 2621 templis
798 2535 935 2621 denique
959 2535 1108 2622 plurimis·
1124 2536 1264 2598 incensis
1276 2534 1334 2614 ³⁷),

277 2640 330 2702 vix
359 2646 408 2700 est
436 2635 525 2721 quod
554 2658 810 2702 commemorem:
839 2659 973 2722 quorum
1001 2637 1157 2702 malorum
1183 2640 1244 2702 etsi
1266 2657 1334 2702 non

140 2827 142 2831 Ι
280 2742 410 2806 omnino
434 2747 579 2825 expertes
603 2749 693 2804 erant
715 2740 860 2826 Ephesii²
886 2735 1154 2806 ultimam‘tamen
1176 2739 1352 2804 calamita·-

197 2841 201 2846 ’
235 2919 238 2924 ¹
278 2853 350 2920 tem,
372 2841 484 2926 templi
505 2844 627 2934 ruinam
650 2843 734 2922 dico,
755 2842 890 2908 feliciter
911 2844 1094 2932 effugerunt
1109 2846 1168 2924 ³⁸).
1197 2881 1238 2894 -
1269 2843 1334 2908 Sed

279 2967 344 3033 quo
368 2945 493 3025 durior,
521 2966 562 3010 eo
584 2944 715 3010 brevior
740 2947 831 3012 haec⁸
843 2947 1041 3014 Graecorum
1070 2941 1205 3014 servitus
1229 2947 1334 3012 ianua

279 3049 461 3127 videbatur;
484 3072 579 3136 quum
603 3053 695 3130 onim,
715 3051 818 3116 Dario
841 3063 972 3118 mortuo·
991 3053 1105 3134 (485),
1127 3054 1197 3137 ipse
1214 3055 1334 3122 Xerxes

279 3159 391 3220 contra
413 3152 557 3220 Graecos
586 3154 751 3240 proiectus
774 3166 858 3221 esset
883 3159 979 3220 -in
1004 3158 1099 3252 'cujus
1123 3153 1333 3252 expeditionis

170 3271 178 3288 '
279 3262 369 3330 initio
392 3257 467 3324 licet
495 3268 563 3328 tota
592 3259 682 3330 Ionia
712 3257 863 3324 caedibus
893 3269 988 3346 atque
1017 3257 1172 3323 incendiis
1200 3259 1335 3346 repleta,

349 3503 404 3573 31)
422 3509 522 3560 Herod
541 3509 588 3574 vl,
607 3506 650 3560 15
671 3507 713 3562 le
784 3503 1284 3576 32)1a914.33)1a18
1290 3509 1333 3562 22.
1418 3559 1419 3564 ,

279 3589 469 3658 3⁴1)Uteg
488 3596 522 3645 ad
539 3595 663 3646 Melenos
681 3609 766 3658 prom.
785 3597 869 3664 vl„
852 3591 897 3646 9.
968 3591 1021 3660 35)
1041 3591 1152 3648 Οὕτωδ
1137 3593 1219 3664 died
1243 3615 1287 3666 τρ
1277 3598 1334 3646 το

274 3674 359 3737 Ἴωνες
377 3677 615 3780 uqusdovlcissqoov
632 3681 668 3732 ib.
686 3682 735 3748 vl,
753 3681 796 3733 32.
884 3677 937 3746 36)
956 3682 1013 3733 Καὶ
1031 3701 1101 3733 atnoe
1090 3681 1169 3752 ὶμὲν
1187 3679 1253 3778 τοὺς
1269 3676 1334 3751 χρὸ-
1401 3741 1404 3752 Ι

251 3833 254 3844 ¹
278 3783 341 3823 τους
362 3763 421 3823 τοὺς
438 3763 584 3834 Περσικοὺς
601 3763 981 3834 τοσαύτηνιαιδῶαπατρὶιτῶν
1004 3763 1139 3838 βαρβάρων
1157 3762 1334 3836 ὖπαάρχειιντῇ

277 3844 418 3921 Ἀρτέμιδι,
435 3843 591 3917 r‘quuud'³
575 3849 656 3910 αυτὸς
673 3871 701 3903 τε
721 3850 736 3903 ὁ
754 3851 815 3910 νεὼς
832 3849 970 3922 μείζων,
951 3875 968 3921 η
988 3847 1135 3923 πρόςθεν(
1128 3855 1245 3918 εὀτηκεν,
1268 3846 1334 3923 αρχτ)

279 3953 307 3985 τε
325 3933 468 4004 ἡ“μεγίςτη
486 3935 574 3988 πασῶν
592 3939 637 3988 καὶ
653 3933 710 4006 ἅμα
728 3937 874 4008 σεμνοτάτη
892 3942 1054 4008 καθέστηκεν
1072 3941 1126 3990 κτλ.
1148 3939 1275 4009 ΙΑῐίείίᾱ.
1293 3950 1333 3990 or·

280 4021 314 4070 de
331 4018 465 4072 Concord.
484 4036 509 4084 p.
529 4019 589 4074 776.
607 4021 686 4074 Diod.
757 4019 811 4090 37)
827 4027 894 4076 Her.
913 4027 962 4094 VI,
981 4022 1025 4078 31.
1043 4023 1088 4076 32.
1160 4019 1214 4090 38)
1232 4023 1333 4090 Xerxis

280 4102 351 4156 enim
376 4109 467 4158 aetate
491 4109 618 4172 templum
640 4109 774 4162 incolume
799 4113 842 4162 eat
864 4105 920 4178 (oi.
939 4125 966 4166 n.
984 4106 1048 4178 39.)
1067 4135 1102 4148 -
1119 4110 1203 4166 Arist.
1220 4112 1241 4164 1.
1259 4112 1280 4162 l.
1297 4133 1332 4150 -
