2916 4722
286 271 334 344 94

288 459 380 522 situm
396 458 437 520 sit
454 455 507 537 (ci.
524 455 552 542 §.
563 457 594 534 3,
609 475 640 518 n.
658 453 795 520 15-18.
810 455 836 541 §.
855 457 930 534 4,11.
948 455 993 535 9),
1008 453 1041 519 id
1056 463 1177 520 tantum
1194 453 1338 541 adjiciam

289 581 402 645 equum
431 562 615 646 saepissime
641 559 767 623 Dianae
800 581 922 624 sacrum
951 559 1091 624 habitum
1119 580 1189 624 esse
1211 559 1279 642 30);
1306 563 1340 624 in

287 666 396 749 primis
418 672 522 726 autem
537 663 706 740 Pheraeae,
729 684 821 748 quam
844 665 877 726 in
900 685 984 748 equo
1000 663 1162 727 sedentem
1186 666 1276 726 numi
1292 685 1341 727 ex-

287 767 399 830 hibent
413 766 470 845 ⁸¹),
495 774 527 830 et
547 764 681 844 Siculae,
704 787 785 850 quae
808 765 990 853 quadrigam
1014 766 1100 832 ducit
1113 770 1148 830 in
1162 770 1267 831 numis
1283 767 1342 852 Sy-

288 871 449 932 racusanis
466 869 526 948 ⁸²).

377 971 543 1036 Accedunt
568 971 722 1056 denique,
751 993 832 1056 quae
861 975 894 1036 in
923 973 1007 1037 hunc
1034 995 1160 1038 sensum
1191 974 1342 1060 explicari

288 1077 426 1160 possint,
454 1075 599 1138 Deorum
632 1077 855 1138 maritimorum
890 1078 981 1162 signa
1014 1079 1047 1140 in
1077 1080 1187 1141 statuis
1216 1079 1343 1142 Dianae

289 1178 447 1263 Ephesiae
462 1179 519 1259 38),
542 1179 799 1264 Hippopotamus
823 1187 855 1242 et
877 1179 1036 1257 Oceanus,
1059 1203 1151 1265 quern
1173 1191 1343 1267 utrumque

288 1284 375 1345 numi
398 1281 551 1366 Ephesini
572 1282 692 1346 hahent
707 1283 765 1361 84).
788 1315 832 1328 -·
856 1279 1054 1348 Cumulatam
1077 1304 1154 1346 vero
1178 1283 1343 1369 symbolo-

288 1407 356 1450 rum
378 1384 619 1464 multitudinem,
641 1407 734 1470 quam
757 1387 886 1449 nonnisi
900 1389 934 1449 in
956 1389 1177 1450 recentissimis
1188 1389 1289 1464 ‘Deae
1306 1391 1344 1451 si-

232 1488 242 1498 '
288 1488 434 1553 mulacris
456 1491 573 1552 intueri
594 1488 678 1568 licet,
702 1498 734 1554 et
757 1487 844 1574 quod
867 1488 908 1553 ad
936 1493 1112 1576 primariam
1135 1493 1272 1555 numinis
1290 1513 1343 1556 na-

288 1603 389 1657 tunam
420 1591 676 1678 cognoscendam
708 1591 788 1656 nihil
815 1613 943 1676 prorsus
972 1595 1168 1672 faciunt⁸⁵),
1198 1604 1231 1658 et
1256 1595 1344 1680 quod

289 1705 351 1759 tam
380 1716 494 1782 magua
522 1699 556 1759 in
584 1697 622 1759 iis
653 1693 844 1782 explicandis
875 1718 974 1783 opera
1003 1700 1065 1783 jam
1092 1691 1197 1782 posita
1221 1699 1343 1780 est³⁸),

289 1801 400 1862 iterum
424 1821 462 1862 ac
483 1798 536 1862 vel
559 1801 684 1862 tertium
707 1802 906 1886 interpretari
929 1793 1135 1888 supersedeo.
1160 1839 1201 1852 -

761 1973 790 2058 i·
837 1956 893 2038 a

314 2107 335 2192 J
377 2107 430 2171 De
458 2106 571 2171 litteris
595 2106 756 2192 Ephesiis,
785 2110 903 2194 quippe
932 2130 1013 2195 quae
1044 2119 1094 2174 tot
1116 2112 1202 2175 Viris
1226 2112 1343 2177 Doctis

289 2211 476 2277 uberrimam
499 2210 625 2276 dicendi
647 2213 808 2276 materiem
830 2214 891 2298 jam
914 2213 1120 2300 praebuerint
1136 2217 1183 2295 ¹),
1205 2215 1345 2281 libenter

334 2473 339 2478 —
360 2439 416 2508 ³0)
434 2445 537 2512 „Diese
555 2443 673 2514 Artemis
690 2444 815 2495 Potamia
831 2457 901 2512 war,
919 2444 975 2496 wie
993 2445 1048 2496 uile
1061 2445 1342 2514 Wassergottheiten,

289 2531 357 2580 such
375 2523 575 2593 Rossegottin“
593 2532 688 2580 Mueii.
705 2531 786 2581 Arch.
806 2525 831 2596 §.
849 2528 915 2596 363,
936 2529 960 2582 7.
1049 2525 1102 2596 31)
1128 2533 1239 2582 liehhel.
1258 2534 1292 2582 1).
1311 2536 1342 2583 Ν.

289 2613 324 2677 11,
346 2627 373 2673 p.
393 2611 453 2662 147.
525 2609 579 2678 31)
597 2618 691 2665 11111111.
709 2617 728 2665 i.
746 2617 765 2665 1.
784 2629 810 2677 p.
828 2613 883 2666 529
900 2612 1001 2682 (eiiam
1017 2617 1045 2666 in
1065 2611 1235 2682 Selinusiisi.
1290 2613 1343 2684 33)

290 2695 394 2758 odylus
411 2691 491 2746 Mem.
509 2700 536 2748 d.
554 2699 608 2749 litt.
627 2701 688 2766 xx,
706 2713 732 2760 p.
752 2697 814 2749 437.
833 2727 866 2740 -
886 2699 928 2751 Gi.
947 2705 1054 2756 statuas
1072 2705 1141 2766 apud
1159 2701 1344 2768 Menetrejum

289 2785 318 2832 et
336 2795 405 2844 qnae
423 2782 564 2833 innostro
582 2786 680 2833 Merseo
698 2785 869 2836 nuounensi
887 2791 1052 2839 asservetur.
1130 2783 1183 2853 34)
1201 2791 1282 2840 Alter
1300 2794 1344 2841 esi

289 2865 391 2916 iiionn.
408 2871 504 2930 suppl.
522 2870 578 2934 vi,
596 2866 663 2936 433,
681 2871 754 2920 ulter
774 2871 837 2921 ibid.
856 2870 964 2922 11417.
1052 2868 1105 2939 35)
1122 2876 1215 2925 Mueii.
1233 2890 1260 2938 p.
1279 2875 1342 2928 388.

289 2946 341 3016 33)
360 2953 392 3001 in
410 2953 565 3004 universum
584 2956 617 3004 de
634 2954 669 3004 iis
687 2955 812 3006 dixerunt
829 2954 999 3022 Menemejus
1017 2963 1046 3010 et
1064 2955 1185 3024 Grhnzer
1201 2975 1229 3023 p.
1248 2960 1342 3012 177-

290 3034 341 3088 182
360 3052 397 3088 ss.
417 3063 449 3074 -
469 3041 509 3090 De
527 3043 659 3108 verubus,
680 3054 748 3106 qliae
767 3044 812 3094 vix
834 3045 986 3108 symbolice
1007 3046 1093 3096 iniisse
1111 3047 1216 3114 opinor,
1235 3047 1342 3110 episto-

288 3125 343 3176 icm
361 3125 471 3188 scripsit
489 3129 648 3178 iioistenius
667 3124 830 3196 (Menetreji
847 3132 915 3184 libro
939 3125 1100 3198 adjectam).
1125 3156 1159 3168 -
1182 3134 1222 3184 lie
1240 3135 1342 3201 modio,

289 3211 406 3279 calatho,
425 3213 498 3280 poio,
518 3215 562 3277 qui
580 3215 608 3265 in
627 3216 716 3279 capite
735 3215 839 3269 Dionae
858 3219 1069 3284 conspiciuntur,
1089 3213 1201 3282 egregie
1219 3221 1342 3270 Gerhsrd

288 3297 427 3348 Protrorn.
446 3313 472 3360 p.
485 3297 528 3348 24.
547 3299 591 3367 25,
611 3315 638 3350 n.
656 3299 700 3352 47.
719 3299 762 3352 48.
782 3299 849 3355 los.
870 3327 901 3342 -
921 3303 1085 3354 Multiiarias
1101 3305 1213 3370 hostias,
1233 3305 1260 3354 in
1280 3307 1343 3370 qui-

289 3383 338 3432 hns
356 3383 472 3447 singulis
493 3385 663 3446 explicandis
685 3401 812 3452 magnum
834 3394 863 3440 et
891 3403 907 3440 a
929 3386 1082 3458 Menetrejo
1109 3395 1139 3440 et
1161 3403 1177 3441 a
1201 3389 1342 3442 Creuzero

288 3460 404 3516 studium
423 3469 539 3530 positum
559 3475 611 3536 est,
630 3471 717 3522 Diuus
740 3475 859 3536 Ephesia
877 3479 929 3526 out
952 3487 1032 3526 manu
1055 3479 1084 3526 et
1104 3476 1230 3527 bracchio
1250 3482 1343 3541 gestat

289 3554 336 3600 aut
353 3551 381 3600 iu
400 3553 484 3613 pullio
502 3555 626 3616 appictcr
644 3559 732 3624 hahet,
753 3562 822 3622 quod
841 3563 869 3610 et
886 3559 1010 3610 venatrix
1028 3565 1071 3611 esi
1088 3557 1141 3628 (ci.
1160 3556 1185 3628 §.
1204 3561 1231 3612 7.
1250 3558 1343 3628 extr.)

289 3640 318 3685 et
335 3637 452 3686 omnium
470 3639 590 3706 ferarum
603 3643 693 3692 nutrix
706 3649 786 3707 atque
799 3646 986 3697 conservatrix
1004 3642 1056 3713 (cf.
1066 3650 1161 3718 Muell.
1174 3650 1239 3701 Dor.
1251 3651 1272 3700 i.
1283 3653 1301 3700 1.
1308 3645 1330 3714 ).

360 3736 395 3806 l)
415 3740 504 3805 cuper
522 3745 616 3795 Marm.
636 3749 698 3798 Ant.
718 3751 832 3812 exposit.
850 3765 876 3814 p.
896 3749 956 3800 270.
977 3779 1008 3789 —
1028 3753 1101 3804 liena
1119 3756 1152 3804 ad
1171 3755 1232 3804 Act.
1244 3757 1342 3817 apost.

289 3841 313 3878 c.
332 3829 405 3880 xix.
425 3857 459 3866 -
477 3829 864 3901 Bulengerndv.Magos11,
891 3834 1015 3888 17-47.
1039 3861 1067 3874 «-
1096 3837 1213 3904 Atheriy
1230 3843 1264 3892 ad
1284 3844 1342 3892 lie-

289 3918 366 3976 sych.
385 3931 408 3966 s.
427 3931 453 3965 v.
472 3911 615 3984 γράμματα
630 3913 747 3988 Ἐφέσια.
772 3945 805 3954 -
835 3921 929 3972 hobel(
951 3925 1151 3988 Aglaophamus
1174 3941 1200 3988 p.
1224 3923 1296 3976 1194
1314 3931 1343 3978 ei

289 3999 447 4060 epimetrum
465 4003 478 4050 1
497 4003 531 4052 ad
550 4005 683 4055 semotim.
707 4021 732 4068 p.
761 4004 839 4058 1330.
869 4035 900 4045 -
927 4009 1013 4060 Ruris
1032 4011 1117 4075 nigris
1136 4012 1343 4064 scandinavicis

291 4079 511 4151 (Suari-runer)
530 4095 720 4151 comparantur
739 4095 808 4155 apud
827 4096 955 4159 Magnum
965 4098 1047 4147 Beeih
1066 4098 1168 4160 Templ.
1182 4097 1260 4149 Dian.
1272 4101 1341 4162 Eph.
