2916 4722
275 265 326 338 68

275 447 432 526 multavit,
462 455 528 512 tum
550 445 681 508 maxima
709 443 877 508 severitate
900 442 933 503 in
956 439 1114 525 Ephesios
1137 436 1336 503 animadver-

291 555 298 568 '
330 552 356 590 14

276 562 314 618 tlt
367 555 518 718 lenium.
531 657 644 714 contra
665 647 830 739 Romanos
860 648 893 710 in
918 643 1012 710 bellis
1036 642 1180 708 civilibus
1203 643 1335 729 Ephesii

277 755 482 824 rebellarunt.
526 754 658 818 Brutum
687 752 770 814 enim
802 758 834 814 et
854 747 1016 825 Cassium,
1045 747 1234 812 liberatores
1265 747 1336 812 fore

278 862 348 938 rati,
371 868 404 924 et
425 860 561 943 pecunia
577 851 784 918 sublevarimt
800 854 848 932 ¹⁵)
871 861 903 916 et
918 871 1038 916 summo
1055 873 1124 916 cum
1140 851 1250 916 studio
1265 873 1336 937 par-

279 972 328 1027 tes
358 980 468 1024 eorum
499 956 634 1043 amplexi
662 966 736 1020 sunt
753 955 800 1034 ¹⁶)
829 955 924 1035 (44).
977 951 1103 1037 Quibus
1131 957 1223 1018 victis
1252 957 1336 1034 (42)

177 1089 180 1094 ·
220 1092 222 1096 ’
281 1065 441 1130 Antonius
462 1062 626 1147 Ephesum
649 1063 738 1124 venit
766 1059 815 1138 (a.
839 1058 903 1136 41)
928 1057 977 1137 ¹⁷)
1006 1056 1113 1142 ibique
1142 1077 1262 1144 magno
1290 1079 1337 1120 sa·-

177 1173 180 1178 ’
281 1166 404 1236 orificio
426 1167 520 1230 Deae
542 1166 687 1228 instituto
705 1163 753 1240 ¹⁸)
777 1169 809 1224 et
831 1159 1003 1244 Ephesios,
1027 1170 1072 1238 et,
1099 1163 1152 1245 qui
1174 1161 1336 1247 Ephesum

283 1278 516 1346 couvenerant,
547 1267 692 1334 Graecos
717 1264 820 1328 Asiam
843 1262 1021 1328 incolentes
1042 1285 1156 1352 magna
1180 1267 1336 1350 pecuniae

281 1395 401 1440 summa
423 1370 576 1438 multavit
1429 1437 1430 1444 ἵ

369 1478 453 1540 Hinc
474 1482 632 1561 perpetuo
649 1474 866 1538 Romanorum
888 1474 1021 1558 imperio
1043 1471 1188 1557 Ephesus
1210 1470 1337 1536 subdita
1429 1479 1430 1558 }

284 1589 340 1658 est,
362 1600 468 1664 quare,
492 1599 586 1662 quum
609 1579 671 1663 jam
693 1575 782 1640 nulla
799 1575 931 1662 amplius
946 1574 988 1640 de
1010 1574 1105 1638 rebus
1119 1578 1218 1661 gestis
1233 1575 1338 1661 Ephe·
1429 1571 1430 1578 '

283 1686 402 1746 siorum
433 1681 610 1746 disserendi
639 1681 786 1744 m'ateries
815 1681 965 1766 supersit,
993 1698 1098 1762 neque
1126 1688 1182 1742 aut
1208 1682 1338 1742 nomina

284 1795 407 1850 tantum
430 1805 549 1861 eorum,
572 1785 626 1866 qui
649 1783 809 1866 Ephesum
834 1781 994 1866 quondam
1010 1782 1174 1859 visitariut,
1196 1789 1253 1845 aut
1267 1780 1338 1844 loca

285 1889 408 1965 omnia,
439 1886 553 1970 quibus
576 1883 708 1968 simplex
730 1884 942 1968 Ephesiorum
970 1885 1090 1948 mentio
1119 1882 1191 1962 fiat,
1219 1885 1339 1950 referre

283 1987 388 2065 velim,
411 1988 492 2066 huic,
515 2008 596 2072 quae
619 1985 660 2050 de
681 1985 778 2050 rebus
799 1990 899 2074 gestis
913 1988 1125 2073 Ephesiorum
1148 1997 1204 2066 est,
1227 1987 1341 2053 disser-

273 2093 414 2156 tationis
437 2093 521 2176 parti
541 2089 638 2154 finem
661 2091 723 2175 jam
738 2088 966 2175 imponendum
984 2111 1111 2156 censeo.
1156 2091 1193 2155 ln
1215 2095 1341 2156 univer·

285 2217 355 2260 sum
377 2203 497 2259 tautum
526 2191 559 2256 id
581 2192 776 2260 monendum
802 2191 941 2273 videtur,
965 2195 1140 2280 Ephesum,
1163 2215 1245 2280 quae
1268 2216 1340 2281 pro-

285 2308 358 2384 pter
381 2301 522 2364 eximiam
546 2299 725 2368 commercii
747 2295 943 2376 facultatem,
967 2307 998 2362 et
1020 2301 1172 2377 maritimi,
1196 2301 1247 2363 cui
1268 2319 1366 2384 por·¹

286 2411 338 2466 tus
361 2401 490 2466 favebat
512 2423 604 2486 quam
627 2403 805 2487 aptissimus
828 2400 888 2481 (cf.
913 2422 939 2464 c.
961 2402 985 2480 l,
1006 2402 1081 2487 §.3,
1102 2403 1287 2484 mitiss),
1310 2411 1341 2467 et

287 2507 454 2581 terrestris,
477 2507 527 2568 cui
549 2503 636 2568 urhis
659 2507 738 2568 situs
761 2501 802 2566 ad
825 2507 942 2569 ostium
963 2503 1055 2570 vallis
1075 2504 1287 2590 Caystrianae
1310 2515 1341 2569 et

287 2608 372 2669 iuter
393 2602 542 2690 planities
564 2607 674 2670 Hermi
697 2613 729 2668 et
750 2605 918 2670 Maeandri
940 2607 1001 2686 (ef.
1025 2629 1052 2671 c.
1075 2609 1099 2686 l,
1121 2609 1149 2693 §.
1175 2611 1202 2696 l,
1224 2632 1256 2693 p.
1279 2611 1339 2688 2.),
1428 2619 1429 2658 l

288 2710 423 2794 primum
445 2711 507 2794 jam
532 2711 672 2773 omniurn
686 2729 792 2772 rerum
810 2707 969 2774 venalium
992 2715 1166 2798 emporium
1180 2713 1264 2776 inter
1278 2713 1341 2776 Eu·

288 2831 401 2895 ropam
424 2819 457 2874 et
471 2811 578 2874 Asiam
600 2810 683 2874 facta
699 2819 767 2874 erat
781 2811 839 2890 ¹⁹),
862 2811 1034 2878 accedente
1055 2825 1182 2901 praeter
1203 2814 1266 2880 soli
1281 2815 1340 2880 fer-

289 2911 434 2978 tilitatem
456 2912 516 2991 (cf.
533 2933 559 2976 c.
575 2913 598 2992 l,
619 2913 647 2998 §.
663 2915 714 2992 6.)
739 2921 770 2976 et
790 2911 959 2979 multifaria
982 2917 1111 3003 opificia
1132 2918 1177 2982 ibi
1192 2917 1276 2983 culta
1292 2919 1340 3000 ²⁰)

289 3018 413 3106 ingenti
434 3038 538 3081 rerum
560 3037 718 3080 sacrarum
739 3011 927 3101 splendore,
957 3019 1068 3107 templi
1097 3021 1157 3101 (cl.
1180 3044 1206 3086 e.
1230 3023 1287 3101 lv,
1309 3046 1339 3108 p.
1428 3033 1429 3046 ¹

289 3121 330 3200 11,
350 3119 379 3206 §.
398 3122 426 3184 l.
442 3123 540 3202 extr.)
564 3129 596 3185 et
618 3119 771 3184 festorum
793 3122 933 3206 inprimis
957 3121 1140 3188 celebritate
1162 3125 1221 3205 (cf.
1245 3149 1272 3190 c.
1288 3125 1341 3200 Ill,

229 3266 231 3271 ι
290 3224 317 3310 §.
344 3227 414 3305 ll),
436 3245 509 3288 mox
532 3227 699 3288 universae
725 3227 912 3310 provinciae
941 3235 1037 3312 caput
1058 3227 1125 3289 sive
1147 3229 1341 3316 metropolin
1361 3289 1364 3297 ,

291 3326 405 3390 factam
435 3345 519 3402 esse;
549 3324 636 3414 quod
664 3338 792 3413 praeter
821 3332 954 3417 primurn
983 3328 1148 3416 appulsum
1166 3332 1215 3412 21)
1244 3331 1340 3398 multa

363 3540 415 3610 14)
430 3541 605 3610 Ἕκολιὲζοντο
624 3553 719 3621 πικρῶς
738 3555 783 3604 καὶ
799 3548 911 3622 μάλιστα
930 3548 1015 3607 αὐτῶν
1032 3549 1145 3624 Ἐφέσιοι
1161 3559 1230 3619 Am).
1248 3559 1300 3607 1.1.
1317 3567 1341 3606 c.

293 3629 337 3683 61.
356 3628 400 3682 61.
418 3629 462 3684 63.
479 3634 593 3686 -1ιίν,
612 3636 685 3699 uptt.
701 3641 720 3690 l.
738 3636 783 3690 83.
808 3636 954 3704 Pompejus
976 3655 1001 3693 o.
1025 3639 1061 3692 60
1077 3641 1178 3704 Ephesi
1195 3654 1241 3692 res
1259 3642 1341 3693 Asiae

293 3717 437 3769 ordinavit.
454 3743 491 3756 -
509 3718 552 3774 Gt.
570 3719 652 3773 (lues.
670 3726 698 3774 fl.
712 3722 744 3776 6.
761 3726 811 3792 111,
830 3723 875 3776 31.
956 3721 1010 3791 15)
1027 3729 1096 3790 App.
1115 3730 1145 3778 Β.
1163 3727 1243 3778 Givil.
1262 3729 1298 3795 V,
1315 3727 1340 3778 4.

294 3799 347 3868 16)
366 3803 409 3856 Gt.
426 3807 609 3858 amotionem
627 3809 744 3871 Appiani
760 3814 791 3862 n.
811 3810 871 3862 Gir.
886 3812 937 3879 111,
955 3809 1001 3864 16.
1072 3807 1124 3877 17)
1141 3816 1212 3876 App.
1230 3815 1250 3864 1.
1268 3815 1288 3864 1.
1307 3814 1339 3878 V,
1427 3863 1428 3880 ,

292 3886 319 3938 4.
408 3885 460 3954 18)
481 3893 624 3954 App.l.l.
642 3895 677 3962 V,
701 3895 727 3946 5.
750 3893 776 3948 6.
794 3897 831 3948 et.
849 3894 876 3947 9.
967 3893 1018 3963 19)
1043 3900 1133 3950 strab.
1155 3913 1182 3962 p.
1200 3898 1263 3950 sto.
1280 3896 1339 3949 677.

293 3969 355 4024 oin.
426 3971 479 4040 10)
498 3977 654 4030 Vinctruam
672 3993 697 4031 e.
716 3995 744 4046 g.
763 3983 798 4034 ct.
817 3993 841 4032 e.
860 3982 909 4047 1V,
927 3997 953 4045 p.
972 3983 1010 4052 11,
1028 3977 1054 4049 §.
1069 3982 1096 4050 h,
1113 3983 1167 4048 ln.;
1184 3989 1340 4050 unguento·

292 4069 352 4110 rum
370 4059 576 4118 fabricationem
593 4067 690 4120 Athen.
708 4067 769 4136 XV,
788 4081 814 4130 p.
833 4058 901 4120 666.ι
913 4069 950 4122 ct.
969 4082 994 4121 c.
1012 4071 1035 4136 1,
1053 4063 1079 4135 §.
1097 4066 1125 4137 h,
1143 4081 1170 4122 u.
1189 4067 1232 4122 11.
1289 4063 1339 4133 21)
