2916 4722
629 833 774 919 orror
806 831 1020 918 unorum

435 1011 510 1097 De
541 1009 678 1097 rebus
713 1009 858 1134 sectis
890 1006 1213 1122 Ephesiorum.

749 1214 899 1224 ..—

442 1451 444 1454 .
528 1389 602 1452 DE
640 1387 822 1452 DIANA
862 1383 1119 1450 EPHESIA.

676 1557 678 1564 ’
770 1589 874 1674 §.n

298 1707 436 1832 Graeci
466 1767 498 1829 in
528 1767 609 1850 ipsa,
641 1785 733 1848 quam
763 1761 927 1827 Androclo
960 1760 1041 1826 duce
1073 1747 1276 1845 occuparunt*
1306 1779 1338 1822 re

298 1872 403 1956 gione,
425 1889 529 1952 prope
553 1865 723 1951 Caystrum
748 1875 780 1929 et
801 1865 885 1930 haud
901 1863 1022 1952 'procul
1045 1863 1084 1928 ab
1110 1885 1149 1928 eo
1172 1863 1265 1939 loco,
1288 1883 1349 1947 quo

299 1972 458 2056 Ephesum
482 1969 593 2033 urbem
616 1979 808 2054 posuerunt,
837 1990 925 2032 sacra
949 1967 1102 2054 quaedam
1124 1969 1286 2031 invenisse
1309 1965 1351 2028 di·

299 2083 412 2138 cuntur
428 2070 467 2134 ad
484 2071 600 2136 cultum
617 2081 710 2156 atque
724 2070 913 2160 religionem
928 2072 1020 2136 Deae
1036 2073 1235 2156 pertinentia,
1259 2091 1350 2155 quam

297 2180 434 2243 Dianam
456 2179 516 2262 ipsi
539 2185 771 2260 nuncuparunt.
817 2173 917 2260 Quod
940 2197 1004 2261 quo
1022 2178 1091 2260 jure
1114 2175 1249 2238 fecerint
1271 2173 1351 2236 inira

298 2281 484 2347 videbimus
521 2317 561 2330 -
596 2278 696 2364 Quod
718 2293 797 2343 vero
821 2275 865 2342 ud
889 2281 1042 2366 originem
1066 2281 1155 2342 istius
1177 2276 1351 2364 religionis,

299 2390 412 2450 attinet
439 2387 629 2472 patriamve,
657 2383 742 2447 uude
772 2405 860 2446 sacra
888 2381 943 2446 illa
972 2384 1033 2446 hue
1063 2379 1198 2472 deducta
1227 2381 1352 2458 fuerint,

299 2491 382 2553 hanc
404 2499 436 2553 et
457 2491 613 2580 ipsorum,
637 2508 717 2572 quae
739 2486 989 2551 animadvertere
1011 2484 1093 2564 licet,
1116 2485 1278 2548 sacrorum
1300 2506 1353 2548 ve-

300 2595 393 2677 stigia
417 2601 449 2654 ot
469 2589 678 2674 populorum,
708 2612 788 2674 quos
811 2590 905 2654 hasce
934 2600 1032 2654 terras
1062 2591 1200 2654 tenuisse
1229 2591 1352 2667 scimus,

300 2696 420 2759 mentio
444 2712 641 2780 cognoscere
664 2695 782 2777 juvant.
808 2729 848 2742 —
872 2694 979 2779 Ipsum
1003 2697 1085 2757 enim
1101 2691 1251 2756 sacellum
1275 2691 1354 2757 nihil

302 2798 387 2862 aliud
410 2797 507 2861 fuisse
530 2795 678 2872 traditur,
705 2797 766 2859 nisi
795 2793 870 2859 ulmi
889 2799 921 2878 ¹)
945 2807 999 2861 aut
1021 2797 1086 2884 fagi
1108 2806 1238 2860 truncus
1253 2796 1298 2876 ²),
1320 2799 1353 2859 in

373 2997 512 3076 1)Ἒνοα
531 3004 583 3078 θεῇ
603 3027 668 3059 ποτε
688 3005 748 3074 νηὸν
764 3001 934 3076 Ἀμαζονίδες
952 3008 1092 3061 τετύκοντο

423 3095 532 3164 Πρέμνῳ
552 3095 595 3145 ἐπὶ
612 3095 727 3160 πτελέης,
745 3087 880 3163 περιώσιον
900 3089 1008 3166 &ripaue
1026 3093 1121 3164 θαῦμα

300 3183 415 3247 Dionys.
434 3181 542 3245 Perieg.
556 3196 581 3230 v.
595 3177 656 3232 828.
670 3176 737 3244 8293
756 3180 800 3231 ubi
819 3180 922 3232 rectius
941 3180 973 3231 τὸ
992 3184 1106 3250 πρέμνον
1120 3193 1169 3243 pro
1187 3183 1286 3232 trunco
1304 3195 1354 3232 ac-

301 3270 394 3332 cipias,
420 3282 497 3332 qurum
520 3281 570 3330 pro
593 3267 685 3317 radice
708 3261 817 3333 (schol.
840 3269 963 3329 paraphr.
987 3267 1021 3336 τῇ
1044 3266 1098 3332 θεᾷ
1118 3269 1142 3316 ἐν
1160 3263 1193 3336 τῇ
1218 3263 1291 3335 ‘peip
1309 3268 1356 3335 τῆς

301 3357 407 3420 πτελέης
424 3351 511 3422 βωμὸν
530 3347 637 3420 [βωμὸν
655 3365 705 3414 pro
724 3351 784 3419 νηὸν
803 3354 856 3403 duo
879 3356 982 3402 tantum
1006 3352 1115 3402 codices
1137 3346 1256 3418 habent]
1277 3373 1355 3404 κατε-

302 3433 480 3502 σκευάσαντο)
500 3439 576 3487 Euat.
594 3439 650 3486 sch.
670 3439 703 3488 ad
722 3439 741 3488 Ι.
759 3439 778 3487 Ι.
798 3441 822 3487 ἐν
845 3441 947 3508 πρέμνῳ
972 3431 1006 3502 (ὅ
1029 3455 1098 3488 εστιν
1121 3439 1145 3486 ἐν
1163 3432 1271 3506 κορμῷ)
1290 3455 1355 3489 πτε-

301 3526 365 3580 λέας.
397 3549 431 3558 -
461 3524 501 3572 De
520 3535 588 3572 voce
610 3521 671 3588 νηὸν
700 3525 734 3572 ct.
753 3519 870 3573 Valken.
895 3523 929 3572 ad
947 3523 1047 3572 Herod.
1065 3522 1114 3589 lv,
1135 3520 1195 3573 los.
1243 3525 1291 3589 V1,
1312 3521 1355 3574 19.

302 3621 345 3669 ap.
365 3607 499 3658 Gaisford.
517 3608 592 3657 'Pom-
610 3609 658 3674 lv,
678 3624 704 3671 p.
723 3606 777 3658 674
794 3623 831 3658 ss.
920 3601 957 3672 2)
975 3603 1065 3674 mpod
1087 3603 1141 3659 iuro
1160 3609 1263 3677 appono)
1284 3610 1357 3660 τέλε-

303 3710 345 3744 σεν
365 3691 393 3745 δέ
408 3712 451 3744 τοι
469 3690 538 3762 ἱερὸν
554 3690 645 3744 Ἱππώ.
683 3693 788 3744 Gallim.
807 3695 905 3756 Hymn.
923 3693 1001 3744 Dian.
1021 3707 1046 3743 v.
1058 3689 1121 3744 239.
1158 3695 1235 3754 Quae
1247 3693 1356 3744 discre-

302 3778 394 3842 pantia
413 3792 447 3829 ex
465 3779 589 3828 arborum
607 3780 726 3830 fortasse
744 3779 917 3828 similitudine
936 3783 996 3830 orta
1016 3783 1068 3847 est,
1087 3779 1122 3829 ct.
1141 3780 1258 3829 Pausan.
1278 3781 1356 3846 vlu,

303 3863 347 3932 12,
368 3863 394 3931 1,
413 3864 548 3914 veriorem
567 3867 657 3914 tamen
675 3867 790 3915 alteram
807 3865 978 3916 traditionem
997 3879 1060 3915 esre
1077 3865 1151 3915 urbis
1171 3877 1268 3915 nomen
1288 3867 1357 3916 Pte-

303 3951 348 3999 lea
366 3951 446 4000 docet
464 3950 499 3999 ct.
519 3961 543 3997 o.
562 3949 586 4017 1,
604 3941 630 4014 ᾗ.
647 3949 673 4000 3.
691 3973 728 3985 -
746 3951 822 4010 Quod
841 3963 907 4000 vero
921 3953 953 4002 ad
972 3953 1064 4016 tagum
1080 3951 1188 4022 'attinet
1206 3951 1242 4000 ct.
1261 3951 1356 4002 iovem

302 4029 609 4098 Fogutalem(1'est.r.
628 4050 652 4084 v.
671 4034 976 4104 tagnt.-P11n.XV1‚
997 4032 1053 4102 15),
1071 4037 1164 4100 fagum
1177 4037 1357 4087 Dodonaeum

304 4119 384 4168 Paus.
403 4119 425 4184 1,
446 4117 488 4185 17,
507 4119 524 4170 5
543 4123 571 4170 et
589 4121 656 4172 Piin.
676 4123 694 4171 1.
714 4123 732 4172 l.
751 4135 775 4172 c.
796 4117 830 4171 14
846 4135 919 4188 „neo
937 4137 990 4175 non
1009 4123 1036 4174 in
1054 4124 1172 4186 quodum
1186 4135 1237 4172 usu
1255 4135 1357 4173 sacro-
