2910 4726
987 315 991 322 '
1094 309 1166 382 153

106 495 212 579 cipem
242 492 365 555 censuit
392 487 614 578 Sprengel⁶⁹)
644 489 839 555 Soranum
868 491 1055 579 Ephesium,
1084 493 1167 558 Me-

105 619 130 660 n
140 594 256 659 andri
277 592 388 674 filium,
401 587 464 680 ‘qui
478 594 537 658 sub
553 593 717 658 Hadriano
734 603 767 658 et
777 595 917 681 Trojano
933 600 1018 676 vixit,
1031 599 1167 662 Romae-

11 685 12 688 *
106 722 173 786 que
197 707 296 762 artem
318 721 406 762 suam
437 697 552 762 dicitur
581 700 757 761 exercuisse
773 700 831 777 ⁷⁰).
877 698 994 764 Galeui
1016 720 1093 763 vero
1116 719 1168 764 ae-

106 803 212 890 qualis
236 802 405 889 Magnus
429 801 585 886 Ephesius
609 809 665 878 est,
687 822 779 885 quem
801 809 958 886 tamquam
981 803 1166 867 archiatrum

106 929 167 972 sua
189 906 442 972 ¹aetateltomae
464 905 580 970 vixisse
602 903 698 968 tradit
720 901 864 969 Galenus
881 905 938 983 ²¹).

200 1009 251 1073 Ad
275 1017 408 1073 aetatem
431 1005 541 1092 paulic
564 1010 774 1072 recentiorem
803 1006 989 1070 referendus
1020 1019 1069 1073 est
1090 1009 1168 1072 Da-

106 1112 239 1198 phnes
258 1112 422 1197 Ephesius,
445 1110 586 1174 medicus
601 1104 688 1199 ἱερὸς
702 1103 787 1174 κατὰ
802 1103 865 1190 τὴν
880 1114 996 1194 τέχνην
1010 1112 1066 1174 καὶ
1080 1105 1168 1176 aucei

107 1208 152 1280 τὰ
174 1206 250 1293 ἤθη
273 1212 457 1291 etGaleni,
487 1217 541 1299 qui
564 1235 649 1278 anno
675 1217 733 1280 131
759 1223 935 1292 natusest,
958 1213 1097 1299 aequalis
1114 1216 1166 1296 ⁷²).

109 1315 408 1382 Artemidorum
432 1317 604 1402 Ephesium
634 1317 694 1397 (cf.
723 1318 750 1402 §.
780 1320 837 1396 3),
868 1319 921 1402 qui
950 1317 1165 1381 Onirocritica

109 1423 238 1506 scripsit
266 1429 298 1484 et
325 1418 384 1482 sub
408 1419 571 1484 Hadriano
602 1431 634 1484 et
656 1421 821 1486 Antonino
852 1423 941 1499 vixit,
974 1418 1167 1499 „medicinae

11 1517 13 1552 ²
109 1545 240 1610 quoque
271 1543 402 1610 operam
432 1521 558 1586 dedisse
592 1545 630 1588 ex
658 1525 706 1589 his
741 1527 880 1610 quinque
908 1523 997 1588 libris
1027 1520 1168 1612 (ὀνειρο-

109 1627 283 1712 κριτικῶν)
305 1627 508 1710 perspicuum
531 1625 586 1690 fie‘
602 1628 660 1708 ⁷³).

199 1732 297 1794 Hisce
320 1729 549 1793 annumerandi
570 1739 645 1794 sunt
666 1729 910 1811 Heraclides,
935 1729 1077 1794 medicus
1098 1733 1167 1798 sive

111 1835 286 1920 chirurgus,
312 1834 366 1916 qui
389 1841 438 1896 est
460 1831 545 1918 apud
567 1832 747 1898 Fabricium
758 1835 820 1912 Ἠ),
844 1844 876 1899 et
897 1833 1167 1920 Asclepiades

111 1934 291 2024 ἀρχίατρος
312 1934 368 1999 ille
391 1927 446 1998 ded
467 1939 588 2018 γένους,
611 1959 702 2022 quem
721 1960 757 2002 ex
772 1940 980 2025 inscriptione
994 1960 1090 2026 supra
1104 1941 1167 2029 jam

111 2050 285 2104 memorata
309 2041 528 2127 cognovimus.

589 2303 616 2387 §-
662 2304 693 2367 3.

478 2461 611 2516 auras
641 2431 805 2518 rsnrmss

160 2595 358 2692 Tempora
381 2617 504 2692 usque
528 2589 575 2666 ad
601 2591 704 2665 urbis
729 2591 879 2666 ruinam
909 2589 1118 2666 continens.

467 2707 619 2801 (Amen
642 2731 678 2804 p.
704 2705 817 2804 Chr.)

201 2884 315 2948 Restat
340 2885 416 2968 jam,
444 2893 480 2948 ut
509 2883 551 2948 de
579 2886 673 2948 tertia
703 2905 804 2970 eaque
839 2893 975 2949 extrema
1008 2883 1168 2950 literarum

11 3035 14 3044 .
113 2982 321 3073 Ephesiorum
345 2985 481 3072 periodo
505 2984 653 3063 dicamus,
675 2990 709 3050 iu
731 3011 791 3072 qua
816 2989 856 3051 ad
879 2993 1026 3052 scientias
1048 2989 1101 3052 vel
1122 2989 1170 3052 fu-

111 3091 185 3156 tiies
207 3111 350 3176 prorsus,
370 3099 412 3157 ut
431 3091 674 3164 onirocriticam,
698 3109 870 3151 conversos
894 3091 1050 3174 Ephesios
1074 3093 1170 3152 anim-

113 3193 320 3270 advertimus,
350 3191 405 3255 vel
433 3213 511 3256 sane
541 3213 559 3254 a
587 3193 717 3277 pristina
741 3190 896 3278 dignitate
925 3191 1106 3270 destitutas,
1134 3202 1172 3256 ut

112 3295 313 3361 rhetoricam.
359 3295 486 3380 Quibus
515 3293 721 3382 scriptoribus
751 3297 940 3360 enumeratis
970 3305 1002 3358 et
1022 3285 1169 3379 'poeseos

113 3403 195 3464 circa
219 3400 300 3466 hacc
321 3410 466 3487 tempora
489 3399 608 3484 Ephesi
631 3398 735 3465 cultae
749 3403 883 3487 vestigia
899 3397 1082 3486 colligenda
1097 3421 1169 3463 cen-

184 3611 339 3683 69)1r‚1›.
359 3611 400 3664 12.
436 3613 515 3664 ihren
533 3613 664 3666 hochstet
677 3615 764 3666 oram
782 3615 908 3679 erlaogto
926 3614 970 3665 die
988 3613 1171 3666 methodische

113 3703 215 3753 Schule
242 3715 296 3752 vor
319 3701 408 3752 einem
425 3699 565 3764 gewissen
587 3703 709 3750 Soranus
730 3703 795 3750 cett.
876 3763 879 3768 Δ
903 3695 956 3765 to)
979 3701 1078 3752 suidas
1101 3717 1125 3752 s.
1143 3715 1170 3751 v.
1197 3759 1201 3773 ⁸
1277 3690 1282 3700 ’

113 3787 212 3840 Editus
232 3791 277 3838 est
294 3801 354 3838 cum
373 3787 454 3838 Rufo.
538 3781 589 3851 71)
607 3787 648 3836 De
666 3785 799 3837 Therinos
816 3787 850 3836 art
867 3785 951 3836 Pison
968 3787 991 3850 1,
1009 3801 1037 3848 pa
1054 3782 1116 3836 464.
1138 3811 1169 3824 -·

115 3871 191 3924 Cael.
209 3875 304 3924 Aurel.
322 3875 357 3924 do
376 3876 449 3923 uorrt.
467 3873 517 3938 111,
537 3869 580 3939 le,
602 3887 628 3934 p.
646 3870 699 3921 ‘225
718 3874 787 3935 apud
806 3874 959 3938 §prengeh
978 3871 1023 3936 otri
1041 3873 1119 3934 ptura
1137 3872 1171 3921 de

114 3971 148 4008 eo
166 3972 194 4020 p.
213 3953 259 4008 85.
278 3955 321 4010 86.
394 3952 446 4022 72)
465 3956 669 4020 conponuntur
686 3958 756 4009 enim
776 3961 845 4022 apud
864 3961 925 4008 Ath.
945 3959 964 4008 1.
982 3960 1012 4026 h,
1031 3960 1102 4010 unde
1119 3970 1171 4008 ve-

114 4055 172 4094 ram
191 4055 338 4106 personum
355 4044 492 4106 Daphnem
510 4044 598 4096 fuisse
616 4039 732 4108 conjeci.
808 4038 860 4107 73)
878 4045 912 4105 X,
932 4041 991 4096 tto.
1010 4067 1046 4082 -
1063 4043 1125 4110 xit,
1145 4057 1171 4105 p.

115 4125 177 4178 etl.
252 4123 303 4195 74)
322 4127 459 4194 Rigatttua
477 4129 505 4180 ln
524 4130 588 4182 edit.
607 4143 674 4182 auae
691 4127 870 4192 praefatione.
