2866 4736
1115 333 1164 416 59

107 521 217 576 tamen
240 509 293 576 diu
318 509 479 597 Ephesum
506 513 621 587 tenuit3
644 511 826 578 Demetrius
856 515 938 578 enim
961 535 1053 600 quem
1075 516 1165 581 Anti-

108 634 225 702 gonus,
248 612 388 699 undique
411 617 641 682 circumventus
665 637 683 680 e
706 613 870 680 Thessalia
891 631 1098 684 revocaverat
1112 620 1164 700 ²⁶),

108 721 177 784 icto
201 739 271 782 cnm
286 705 470 787 Cassandro
493 717 635 796 foedere,
658 739 722 802 quo
736 719 935 786 Graecorum
953 719 1082 788 libertas
1098 746 1164 788 rur-

109 843 166 886 sus
188 821 375 892 confirmata
399 833 447 888 est
460 825 518 902 ²⁷),
541 825 643 896 statim
663 823 823 908 Ephesum
838 819 969 910 'trajecit
991 834 1032 904 et,
1054 829 1165 890 castris

110 923 171 988 sub
194 927 272 1011 ipsis
294 927 461 992 moenibus
483 929 606 1011 positis,
627 925 735 992 urbem
754 928 846 1011 cepit,
867 929 1092 1014 pristinamque
1111 927 1165 994 ad-

109 1030 372 1096 ministrationem
388 1033 525 1096 restituit
539 1031 598 1110 ²⁸).
643 1030 727 1094 Hinc
741 1031 906 1117 Antigono
925 1053 1032 1096 rursus
1049 1053 1087 1096 ac
1101 1033 1166 1098 Dc-

110 1135 226 1198 mctrio
249 1132 315 1198 fida
338 1135 483 1220 Ephesus
506 1136 634 1212 mansit,
662 1154 700 1198 ac
728 1131 781 1196 vel
810 1135 905 1198 etiam
927 1143 1003 1220 post
1024 1155 1164 1224 pugnam

110 1235 152 1300 ad
168 1237 276 1323 Ipsum
298 1239 415 1319 (301),
437 1241 470 1304 in
494 1259 554 1324 qua
576 1259 671 1322 quum
694 1237 876 1324 Antigonus
900 1236 999 1323 plane
1022 1238 1165 1306 devictus
1232 1209 1246 1290 ‚¹
1292 1267 1296 1284 ·

111 1351 197 1406 esset
220 1351 314 1428 atque
336 1343 529 1422 interiectus,
552 1343 733 1406 Demetrius
756 1363 826 1406 cum
849 1343 989 1428 ingentis
1012 1345 1165 1407 exercitus
1259 1377 1264 1394 ι

95 1444 254 1531 'reliquiis
276 1445 437 1532 Ephesum
465 1449 567 1516 statim
597 1445 755 1532 confugit,
777 1445 889 1530 ibique
917 1443 1056 1510 libenter
1078 1467 1166 1511 exce·

109 1559 184 1634 ptus
203 1558 259 1613 est.
290 1547 412 1632 -Quum
434 1571 512 1614 vero
535 1547 687 1634 plerique,
709 1569 750 1612 ne
764 1557 898 1634 propter
911 1553 1075 1634 penuriam
1090 1559 1167 1614 tem-

60 1639 63 1650 ’
110 1652 158 1738 pli
179 1651 305 1718 divilias
329 1651 480 1738 diriperet
499 1653 705 1716 vehementer
732 1654 892 1729 timerent,
920 1653 1005 1738 ipse,
1033 1673 1075 1717 ne
1102 1653 1167 1717 hoc

109 1754 228 1823 milites
250 1755 400 1836 facerent,
420 1757 531 1821 urbem
557 1755 684 1841 reliquit
698 1755 762 1834 ²⁹),
789 1753 940 1820 Diodoro
970 1755 1165 1841 phrurarcho

110 1861 258 1922 instituto
280 1859 338 1940 ³⁰).
388 1859 492 1945 Quem
521 1868 703 1946 postquam,
733 1859 961 1946 quinquaginta
990 1856 1118 1923 talentis
1148 1879 1166 1922 a

110 1963 303 2046 Lysimacho
334 1973 530 2052 corruptum,
559 1963 670 2028 urbem
693 1961 880 2028 traditurum
904 1965 1072 2052 cognovit,
1103 1985 1167 2028 una

1 2118 2 2124 ,
70 2067 76 2088 “
112 2067 218 2152 statim
240 2087 335 2145 nave,
362 2069 479 2153 inqua
501 2071 570 2154 ipse
592 2065 698 2146 latuit,
727 2089 797 2132 cum
819 2068 981 2134 Nicanore
1005 2066 1166 2152 Ephesum
1193 2107 1223 2140 4

109 2191 267 2248 reversus,
289 2170 470 2235 Diodorum
496 2171 537 2236 ad
553 2170 748 2254 colloquium
765 2174 935 2254 provocari
960 2173 1060 2254 jussit,
1083 2190 1166 2232 eum-

112 2293 189 2358 que,
210 2274 267 2338 ubi
289 2295 401 2338 revera
425 2273 465 2337 ad
488 2271 735 2360 colloquendum
759 2293 828 2336 cum
851 2275 1013 2337 Nicanore
1037 2263 1168 2357 proces·

112 2379 161 2455 sit,
183 2381 343 2441 incautum
365 2381 398 2442 in
421 2399 507 2442 mare
530 2377 646 2464 dejecit
661 2376 720 2457 ⁸¹).
764 2373 887 2440 Urbem
905 2377 950 2438 sic
972 2384 1167 2462 occupatam,

111 2487 147 2544 ut
170 2480 326 2562 Athenas,
356 2503 431 2568 quas
454 2479 539 2546 solas
562 2479 643 2544 fidas
666 2479 727 2544 sibi
749 2488 835 2544 ratus
858 2490 920 2558 est,
950 2478 1169 2566 proficiscere

111 2593 164 2650 tur
185 2587 290 2650 statim
320 2583 449 2670 reliquit
461 2585 524 2666 .⁸²)·
574 2583 640 2650 Sed
667 2585 729 2672 jam
757 2585 863 2663 uarios
891 2584 1047 2650 Demetrii
1076 2607 1168 2650 casus
1262 2627 1266 2640 ·

111 2690 271 2754 mittamus
293 2687 388 2775 idque
411 2697 530 2753 tantum
552 2699 708 2768 notemus,
731 2688 891 2774 Ephesum
911 2691 945 2753 in
962 2687 1083 2753 ditione
1098 2693 1169 2776 ejus

112 2793 281 2870 mansisse,
310 2791 428 2872 donec,
457 2815 554 2883 quum
580 2791 648 2880 ipse
667 2791 874 2858 inGraecia
905 2814 975 2858 cum
1003 2791 1167 2880 Spartanis
1226 2845 1229 2853 .

110 2893 232 2960 bellum
256 2906 390 2984 gereret,
411 2897 618 2983 Lysimachus
640 2919 703 2963 una
727 2919 796 2967 cum
819 2900 951 2962 caeteris
976 2897 1106 2962 urbibus
1130 2919 1167 2964 ea

147 3109 150 3120 Ι
184 3125 239 3195 26)
255 3131 327 3182 Pllll.
345 3129 465 3181 Demebr.
488 3142 512 3180 e.
530 3126 574 3180 28.
663 3126 717 3194 27)
737 3124 896 3197 Ἔγίγραπτο
922 3153 957 3164 -
981 3126 1030 3185 τὰς
1051 3125 1167 3193 Ἕλλησί·
1263 3177 1266 3183 1

113 3217 163 3274 δας
180 3213 268 3274 πόλεις
285 3217 425 3285 ἐλευθέρας
441 3197 579 3284 ὑπάρξειν,
604 3209 635 3266 οὗ
652 3214 701 3272 τὰς
726 3212 795 3265 κατὰ
813 3207 982 3280 τὴνἙλλάδα
998 3206 1169 3280 pinarella

112 3303 160 3354 καὶ
178 3300 228 3360 τὰς
246 3300 315 3353 κατὰ
331 3301 379 3369 τὴν
393 3297 495 3355 Ἀσίαν.
583 3296 635 3366 28)
655 3294 803 3367 Ἧιάγκασε
821 3295 869 3365 τὴν
887 3291 962 3350 πόλιν
981 3299 1017 3355 εἰς
1035 3296 1082 3364 τὴν
1100 3315 1169 3367 προ-

113 3383 287 3457 ὗπιέρχουσαι
305 3382 522 3456 ἀποκαταστῆναι
539 3380 612 3444 τάξιν
630 3387 709 3438 Diod.
726 3387 747 3438 l.
763 3387 783 3437 1.
801 3409 838 3422 ·-
860 3387 928 3436 Num
952 3398 1018 3436 vero
1035 3380 1171 3449 jamtum

112 3475 262 3529 Diodorum
280 3477 473 3538 pnnnarclum
486 3475 515 3526 in
526 3475 593 3528 tube
605 3473 758 3544 reliquerit,
776 3487 830 3524 nou
842 3477 958 3524 constat.
994 3473 1079 3522 Plane
1098 3471 1169 3524 enim

113 3564 166 3614 hae
189 3541 224 3614 de
246 3574 278 3612 re
302 3566 381 3614 tacet
393 3561 542 3624 Diodorus,
567 3575 619 3612 nec
642 3563 712 3625 qnod
736 3565 830 3611 aurat
847 3561 1006 3624 Polyaenus
1028 3561 1078 3624 lv,
1097 3557 1129 3627 7,
1152 3557 1170 3610 d

114 3651 167 3700 lure
185 3649 358 3700 referendum
377 3653 420 3699 est
435 3643 520 3713 (quod
539 3648 605 3701 tecit
622 3650 750 3712 Droysen
767 3641 845 3712 l..l.);
865 3647 892 3698 in
912 3645 1018 3698 cariam
1038 3645 1107 3698 enin
1126 3645 1170 3696 lrio

114 3733 283 3786 namatium
301 3735 454 3798 profectum
472 3747 534 3786 esse
552 3735 636 3804 addit,
654 3747 734 3800 quum
752 3735 787 3784 ud
800 3735 1010 3797 Hellespontum
1025 3738 1079 3784 tum
1098 3737 1170 3784 tem-

114 3820 191 3883 poris
210 3833 271 3872 euru
289 3835 321 3872 se
340 3821 489 3874 contulisse
508 3835 523 3872 e
541 3821 661 3873 Diodoro
683 3823 775 3872 notum
793 3819 838 3872 sit.
927 3815 979 3884 29)
1003 3820 1074 3870 Plut.
1092 3820 1167 3869 Dour,

114 3920 140 3958 c·
158 3903 203 3960 30·
224 3909 348 3976 οἰομένων
368 3901 489 3959 ἁπάντων
512 3902 668 3978 ἀποροῦντα
691 3900 772 3958 αὐτὸν
793 3902 932 3976 χρημάτων
957 3901 1002 3956 οὐκ
1025 3899 1171 3972 ἀφέξεσθαι

114 3993 165 4046 τοῦ
184 3992 266 4063 ἱεροῦ,
284 3993 413 4062 φοβηθεὶς
431 3991 493 4051 τοὺς
512 3993 685 4063 στριιτιώτοις,“
701 3992 736 4062 μὴ
756 3989 837 4044 coiea
857 3990 1006 4059 ποιήσωσιν,
1025 3985 1118 4058 che'crq
1129 3989 1172 4043 διὰ

114 4083 223 4144 ταχέων.
292 4075 512 4144 uoluentes.
531 4083 580 4148 ιν,
600 4080 625 4147 7,
646 4078 670 4130 l.
731 4065 808 4144 el)
826 4079 957 4142 ennaea.
977 4081 994 4130 l.
1015 4081 1033 4129 l.
1116 4071 1170 4140 32)

113 4167 187 4220 Plut.
206 4168 283 4220 Dour.
304 4181 326 4218 c.
345 4165 389 4220 30.
766 4195 768 4206 ι
902 4199 904 4206 ,
1222 4157 1227 4168 ’
