2866 4736
277 297 327 373 lu

199 469 206 474 ¹
277 480 583 550 ni‘ensihue'Paehes
608 483 820 568 oppugnavit,
847 481 936 544 hisce
959 480 1098 567 arripere
1119 500 1188 573 non
1209 485 1333 568 potcu's

277 589 379 669 set2),
401 585 486 650 malo
508 588 555 652 rei
578 593 695 650 eventu
716 587 827 666 iratus,
855 585 1001 670 Erythris
1021 593 1188 671 praetereo
1210 595 1245 650 et
1267 584 1334 672 Cy·

276 696 334 757 mis
363 692 571 778 oppugnatis,
604 709 665 754 nec
698 699 803 754 tamen
836 692 937 775 ceptis
958 689 1001 768 θ),
1017 689 1177 782 ,omnibus
1209 689 1333 755 viribus

224 809 227 818 ’
277 795 439 882 Ephesum
461 792 627 876 contendit
642 795 685 872 ⁴).
730 794 767 858 ln
796 813 857 879 qua
887 792 1105 880 oppugnanda
1132 815 1176 859 ne
1197 792 1332 860 ulterius

218 910 220 918 ’
276 896 475 985 procederet,
498 897 736 962 Atheniensium
764 891 872 982 potius
897 894 1060 976 auxilium,
1089 917 1182 983 quem
1210 897 1360 964 Samio-³

276 1023 346 1072 rum
368 1000 500 1066 consilia
523 999 669 1064 effecisse
695 999 867 1066 credideris
883 1000 926 1079 5).
976 999 1098 1064 Audito
1127 1003 1211 1065 enim
1237 1002 1332 1066 Athe-

276 1109 432 1170 niensium
462 1103 593 1170 classem
622 1109 893 1191 appropiuquare‚
920 1113 1007 1168 tante
1036 1102 1198 1169 celeritate
1227 1105 1331 1190 Ephe-

276 1231 345 1274 sum
367 1209 548 1296 relinquere
569 1212 757 1296 properavit
779 1207 916 1288 Alcidae,
933 1216 974 1278 ,ut
995 1207 1091 1297 fugae
1114 1229 1186 1275 eum
1202 1211 1332 1274 insimu-

276 1313 343 1380 lare
364 1317 506 1402 potuerit
528 1311 736 1398 Thucydides
753 1313 797 1392 ⁶).

365 1408 493 1486 Octavo
516 1436 616 1504 porro
638 1415 717 1481 belli
739 1437 825 1482 anno
849 1417 955 1496 (424)
978 1415 1136 1502 Ephesios
1158 1414 1332 1480 Athenien-

276 1525 357 1586 sium
384 1531 491 1608 partes
520 1530 647 1586 secutos
675 1519 773 1584 luisse
803 1541 841 1584 ex
868 1518 1031 1608 legatione
1060 1529 1208 1606 apparet,
1238 1543 1330 1606 quam

276 1635 370 1712 capto
394 1623 458 1707 (ad
480 1627 706 1712 Strymonem)
732 1625 897 1689 Persarum
927 1623 968 1688 ad
990 1623 1266 1688 Lacedaemonios
1289 1624 1331 1689 le-

276 1741 362 1816 gato,
385 1730 546 1815 Ephesum
561 1733 713 1794 miserunt
728 1728 949 1792 Athenienses.
992 1728 1084 1792 Hono
1106 1730 1187 1792 enim
1211 1727 1331 1806 urbem,

275 1837 309 1896 ni
330 1842 428 1896 tertam
451 1833 511 1897 sibi
533 1855 571 1896 ac
592 1832 689 1896 fidam
712 1833 891 1910 scivissent,
913 1831 1097 1922 haudsane
1119 1830 1273 1896 adiissent
1287 1833 1338 1910 7).

180 2017 183 2028 A
276 1934 327 1998 Ad
349 1938 529 2000 recentiora
551 1945 701 2020 tempora,
718 1935 825 2019 Satyri
847 1937 987 2000 namatio
1013 1936 1126 2000 referri
1148 1933 1255 2015 debet,
1277 1939 1331 2020 qui

276 2039 437 2124 Ephesum
461 2038 651 2124 συμμαχίδα
675 2039 913 2103 Atheniensium
940 2034 1039 2106 πόλιν
1061 2038 1218 2125 appellat,
1249 2061 1331 2104 eern-

276 2165 337 2228 que
353 2141 519 2222 Alcibiadi,
541 2141 615 2207 dum
630 2141 750 2207 bellum
764 2147 893 2230 gereret
907 2137 1031 2222 σκηνήν
1048 2135 1219 2230 Περσικὴν
1238 2165 1331 2229 prae-

275 2246 382 2312 buisse
405 2255 519 2324 narrat,
541 2255 577 2310 ut
599 2243 676 2314 alies
700 2247 794 2311 urbes
817 2245 879 2310 alie
895 2247 939 2326 8).
993 2245 1118 2330 Quibus
1140 2245 1286 2312 Platonis
1302 2249 1329 2328 ⁹)

274 2329 308 2414 ln
330 2354 512 2416 universum
535 2349 654 2416 dictum
677 2349 812 2430 accedit,
842 2353 896 2436 qui
923 2351 1033 2414 Ionem
1058 2350 1229 2436 Ephesium
1252 2351 1331 2416 hoec

274 2453 458 2538 loquentem
486 2454 575 2516 lacit:
603 2451 625 2532 ἡ
653 2451 811 2539 ἡμετέρα,
842 2457 958 2539 inquit,
987 2448 1081 2529 πόλις
1107 2447 1242 2539 ἄρχεται
1270 2451 1326 2519 ὑπ’

275 2551 365 2639 ὑμῶν
388 2556 598 2634 (Αθηναίων
619 2562 682 2635 sc.)
704 2558 760 2622 καὶ
785 2563 1017 2644 στρατηγεῖται
1034 2558 1090 2638 ¹⁰).
1144 2557 1262 2642 Neque
1285 2567 1330 2623 ta-
1418 2557 1419 2570 ¹

344 2835 379 2905 2)
402 2841 444 2890 Ad
467 2851 550 2903 quam
570 2843 668 2892 contm
689 2840 871 2894 Athenienses
894 2846 1019 2898 tuendam
1042 2803 1143 2898 nume
1161 2847 1191 2896 et
1207 2847 1328 2909 quame-

275 2925 352 2993 giotu
369 2925 482 2978 novibus
504 2925 654 3002 instructus
672 2932 741 2980 erat.
760 2930 843 2980 [Phoc.
857 2931 910 2997 ΙΙΙ,
929 2927 974 2981 28.
996 2929 1041 2984 29.
1111 2925 1150 2995 3)
1175 2933 1259 2996 Thus.
1279 2931 1327 2996 111,

156 3023 160 3028 '
273 3010 318 3064 30.
407 3007 443 3077 4)
466 3013 710 3084 Καθορμισαμένου
734 3017 759 3074 ῖς
785 3014 833 3082 τὴν
852 3009 1046 3086 ”Eoeaov'r'biu
1073 3019 1127 3086 111,
1152 3015 1196 3068 32.
1243 3020 1328 3078 Quem

274 3099 362 3151 locum
388 3111 437 3151 eur
454 3101 497 3150 ΙΙΙ.
515 3095 641 3165 lirueger
662 3101 733 3154 inter
752 3116 801 3154 eos
818 3103 906 3173 locos,
925 3103 1019 3168 quibus
1038 3103 1209 3167 Thucydides
1225 3101 1343 3166 Ephesi*

274 3188 437 3238 mentionem
459 3186 571 3254 fecerit,
594 3189 699 3239 referre
721 3188 844 3240 omiserit
869 3185 1001 3254 equidem.
1021 3189 1125 3241 nescio.
1148 3187 1184 3239 ci.
1209 3189 1327 3253 Dionys.

274 3275 335 3338 llnl.
350 3273 515 3338 flmtoriogr.
533 3287 561 3336 p.
573 3271 636 3340 330,
655 3288 683 3326 ΙΙ.
702 3269 762 3326 105.
833 3272 868 3341 ὁ)
881 3273 987 3344 Ἔλεγον
1007 3269 1039 3328 od
1056 3273 1140 3349 καλῶς
1157 3274 1205 3342 τὴν
1215 3271 1340 3330 Ἐλλάδα.

273 3359 429 3428 λλεαθεροία
449 3352 546 3420 αὐτὸν,
569 3361 593 3409 ελ
614 3353 710 3429 deducis
732 3363 879 3433 διέφθειρεν
902 3358 964 3416 οὔτε
984 3370 1074 3433 χεῖρας
1097 3357 1327 3431 ἇνταιραυμίνους,
1414 3401 1415 3408 .

275 3438 336 3494 οὔτε
354 3445 501 3514 πολεμίους,
519 3444 665 3525 Admotus
683 3446 710 3497 δὲ
728 3441 776 3498 ὑπ’
789 3442 902 3515 ἅναγκῆς
915 3447 1066 3520 συμμάχους
1079 3449 1143 3502 lhld.
1178 3449 1220 3498 De
1236 3450 1327 3512 Ephe·
1414 3465 1415 3476 ¹

274 3528 324 3578 siis
341 3542 409 3579 sone
426 3528 454 3578 ln
471 3529 627 3580 universum
646 3532 700 3582 dici
712 3545 765 3584 non
778 3537 896 3601 poterat,
915 3539 1027 3586 coactos
1040 3548 1113 3600 esse,
1131 3539 1162 3585 ut
1174 3533 1325 3586 Athenien-

179 3647 181 3656 s
274 3613 344 3664 sium
361 3617 454 3677 portes
472 3619 659 3677 sequerentur.
695 3619 747 3696 Hic
765 3623 855 3670 autem
867 3622 902 3670 ad
914 3619 1094 3672 deliniendum
1107 3619 1231 3671 Aleldem
1242 3622 1328 3672 verba

273 3699 328 3750 isto
346 3713 424 3764 quem
442 3700 583 3764 ontlssima
601 3707 689 3754 erunt.
761 3702 795 3768 6)
816 3707 865 3772 ΙΙΙ,
884 3705 928 3757 33.
945 3706 983 3756 in.
1002 3701 1056 3758 ἀπὸ
1075 3707 1103 3758 δὲ
1120 3703 1165 3770 τῆς
1180 3700 1293 3776 Ἐφέσου
1311 3702 1325 3755 ὁ

273 3785 389 3843 Adsidue
412 3787 481 3837 l'rrlss
503 3783 572 3836 κατὰ
593 3785 675 3852 τ’άχος
697 3785 750 3839 nul
764 3789 848 3858 φυγὴν
865 3789 1000 3842 'ductrice‘
1027 3785 1109 3862 ὤφθη
1131 3789 1180 3861 γὰρ
1203 3789 1258 3843 ὑπὸ
1281 3788 1326 3858 τῆς

229 3881 231 3889 ⁴
273 3872 438 3941 Σαλαμινίας
456 3875 500 3922 καὶ
517 3871 646 3941 Παράλου
665 3911 773 3927 ......
793 3878 836 3927 καὶ
855 3875 943 3934 δεδιὼς
960 3873 1010 3941 τὴν
1024 3879 1109 3935 δίωξιν
1127 3879 1196 3928 ἔπλει
1214 3876 1259 3934 ded
1278 3875 1326 3929 τοῦ
1412 3861 1413 3870 l

273 3955 403 4021 πελάγους
415 3958 470 4006 κτλ.
543 3954 577 4023 7)
595 3961 679 4012 Thus.
698 3962 746 4028 lv,
765 3957 808 4012 50.
884 3957 919 4028 8)
938 3965 1055 4026 Satyros
1073 3977 1117 4026 on.
1136 3965 1231 4013 Athen.
1249 3963 1324 4029 ΙΙΙΙΙ,

273 4055 299 4103 p.
318 4036 421 4092 534.'D.
505 4039 538 4106 9)
556 4045 604 4096 lon
623 4045 748 4112 dialogus
766 4047 826 4100 slve
844 4049 966 4101 Platonis
984 4050 1030 4117 sit,
1049 4049 1109 4102 slve
1127 4049 1197 4101 ellus
1215 4051 1250 4101 eb
1267 4053 1323 4102 Ae·

274 4127 345 4191 quan
363 4121 485 4181 Plutonis
503 4143 569 4183 sune
586 4133 727 4195 proiectus
750 4137 801 4186 est.
929 4132 1047 4202 1⁰)10n
1065 4151 1091 4201 p.
1111 4133 1174 4187 541.
1184 4133 1215 4187 0.
1234 4159 1271 4172 -
1288 4135 1322 4187 cf.
