2910 4726
267 281 338 352 166

349 462 421 526 Nec
432 469 537 524 tamen
549 457 648 540 majus
661 451 881 517 detrimentum
894 456 969 526 erat,
983 468 1075 532 quatu
1089 443 1177 532 quod
1191 442 1325 530 Ephesii

263 569 429 631 restituere
452 563 640 646 potuissent,
662 559 715 640 qui
731 577 825 640 quum
849 551 975 616 multam
1000 561 1085 616 etex
1107 547 1247 614 venditis
1271 569 1325 611 co·

262 668 379 733 lumnis
400 667 456 743 ³⁴)'
479 673 512 728 et
543 684 580 726 ex
607 656 727 723 mundo
756 657 901 722 muliebri
930 655 1050 719 collatu
1075 655 1125 733 αδ)
1156 655 1325 737 pecuniam

264 773 326 837 sibi
343 775 587 854 comparassent,
609 761 661 826 vel
676 763 774 846 ipsius
793 757 962 824 Alexandri
979 757 1135 834 auxilium,
1158 759 1220 840 qui,
1236 754 1326 819 durn-

265 873 361 938 modo
386 891 504 935 nomen
519 889 608 932 suum
631 863 751 950 templo
774 863 945 928 inscribere
962 862 1021 926 sibi
1044 861 1163 937 liceret,
1187 869 1219 922 et
1243 879 1324 944 quos

266 977 415 1040 fecissent
442 981 577 1048 sumtus,
606 978 637 1032 et
666 989 746 1052 quos
776 968 889 1031 facturi
919 975 1026 1030 essent
1047 987 1082 1028 se
1105 964 1325 1027 restituturum

265 1078 426 1166 pollicitus
450 1085 531 1153 erat,
556 1071 709 1137 laudabili
732 1071 865 1156 quadam
889 1070 1035 1156 snperbia
1060 1057 1236 1153 aspernati,
1260 1067 1325 1128 suis

267 1183 416 1268 impensis
440 1177 589 1264 templum
613 1183 827 1240 restaurarunt
841 1173 901 1253 86).

354 1281 577 1348 Restaurando
594 1289 698 1344 autem
714 1275 988 1362 templopraeluit
1003 1277 1250 1340 Dinocrates
1267 1273 1325 1351 ³⁷),

266 1389 453 1451 architectus
470 1387 586 1472 regius,
601 1403 736 1466 quocum
752 1402 814 1444 una
831 1380 999 1466 Scopam
1016 1386 1203 1464 occupatum
1220 1377 1325 1452 luisse,

267 1494 407 1578 quamvis
431 1491 561 1553 omniuo
580 1494 697 1550 certum
720 1504 786 1548 non
802 1487 843 1548 sit
858 1486 916 1564 ³⁸),
937 1482 1107 1548 verisimile
1130 1492 1236 1544 tamen
1255 1477 1325 1542 red-

267 1594 346 1658 dunt
370 1604 402 1657 et
425 1589 510 1678 quod
534 1589 596 1652 alia
611 1608 738 1672 quoque
755 1587 900 1672 Ephesiis
924 1609 1024 1673 opera
1048 1587 1122 1650 lecit
1137 1585 1260 1668 Scopas
1277 1583 1325 1660 89)

270 1708 302 1762 et
325 1695 413 1782 quod
436 1693 662 1759 architecturae
686 1711 813 1776 quoque
837 1691 912 1756 alibi
935 1711 1066 1776 operam
1089 1687 1178 1752 dedit
1193 1689 1250 1766 ⁴⁰).

271 1817 473 1828 --.--

256 1865 314 1913 'alb
333 1876 349 1912 e
367 1863 442 1924 ligno
460 1861 547 1913 fuisse
565 1861 694 1926 sciamus,
713 1874 768 1910 non
787 1863 830 1910 est
851 1859 1010 1910 mirandum.
1048 1859 1134 1908 Tecto
1153 1855 1324 1920 conflagrato

267 1949 396 2010 templum
419 1951 469 1996 sub
493 1947 555 1996 divo
577 1945 664 1996 tuisse
687 1959 721 1996 ex
744 1946 907 1997 Artemidori
930 1945 1021 1995 verbis
1049 1947 1175 2027 apparet:
1203 1937 1274 2010 μετὰ
1299 1939 1326 1990 tt

267 2032 314 2099 τὴν
332 2035 455 2102 ἔμπρησιν
473 2029 520 2098 τῆς
543 2026 641 2100 ὀροφῆς
661 2026 843 2101 ἠφανισμένης,
866 2034 890 2082 ἐν
914 2028 1041 2100 ὑπαίθρῳ
1066 2026 1103 2096 τῷ
1127 2025 1193 2094 σηκῷ
1215 2025 1276 2077 τινὰ
1295 2021 1326 2076 ἂν

267 2114 392 2184 ἐθελῆσαι
408 2115 641 2186 παρακαταθήκην
660 2121 773 2186 κειμένην
792 2119 856 2182 ἔχειν
874 2118 945 2180 apud
963 2118 1123 2168 Strabonem
1136 2114 1210 2180 xlv,
1223 2127 1250 2176 p.
1265 2109 1326 2163 611.

265 2197 320 2268 34)
334 2199 428 2254 'Ailou
447 2197 542 2273 elperico
561 2199 753 2255 κατεσκεύασαν
773 2206 965 2268 συνενέγκαντες
989 2200 1036 2252 τὸν
1060 2198 1111 2250 τῶν
1135 2195 1262 2266 γυναικῶν
1281 2192 1328 2248 κό-

267 2307 341 2358 σμον,
360 2288 470 2348 καὶτὰς
488 2291 557 2349 ἰδέας
575 2285 676 2351 οὐσίας,
696 2290 849 2357 διαθέμενοι
872 2289 900 2338 δὲ
918 2289 962 2338 καὶ
980 2285 1042 2346 τοὺς
1061 2289 1206 2356 προτέρους
1225 2289 1328 2342 ιαὀνας·

267 2369 369 2425 τούτων
388 2375 414 2426 dl
432 2379 566 2446 propropter
591 2377 643 2426 luel
672 2373 705 2426 τὰ
725 2377 869 2442 γενηθέντα
891 2371 952 2424 τότε
976 2374 1138 2440 ψηφίσματα
1161 2371 1250 2422 strab.
1270 2371 1291 2420 l.
1310 2371 1329 2419 l.

267 2457 320 2525 35)
344 2464 404 2512 Huc
429 2475 534 2526 quoque
556 2463 676 2525 pertinet
698 2463 743 2510 lex
766 2459 943 2522 Ephesiorum
966 2460 1035 2520 apud
1059 2457 1238 2508 Aristotelem
1263 2455 1330 2506 Cur.

267 2547 319 2597 Rei
337 2549 420 2599 famil.
439 2552 515 2600 Tum.
534 2549 570 2614 Π,
590 2563 615 2610 p.
634 2545 687 2598 285
705 2538 870 2613 (Gemuit).
959 2541 1012 2608 36)
1030 2537 1200 2611 Ἀλέξανδρον
1219 2539 1251 2606 ὃν)
1270 2548 1330 2598 τοῖς

265 2624 394 2700 Ἐφεσίοις
417 2628 584 2695 ὑποσχέσθαι
605 2631 639 2682 τὰ
662 2630 788 2698 γεγονότα
810 2633 855 2681 καὶ
877 2629 911 2681 τὰ
934 2631 1062 2699 μέλλοντα
1087 2621 1257 2695 ἀναλώματα,
1284 2620 1328 2695 lp'

267 2709 286 2780 pl
306 2736 335 2768 τε
354 2716 401 2783 τὴν
420 2714 563 2784 ἐπιγραφὴν
582 2710 663 2766 αὐτὸν
682 2719 760 2780 ἔχειν·
782 2715 844 2772 τοὺς
868 2717 895 2766 dl
912 2715 949 2784 μὴ
969 2711 1106 2781 ἐθελῆσαι·
1126 2718 1273 2766 ἐπαινεῖτε
1293 2707 1326 2778 (ὁ

264 2797 474 2871 Ἀρτεμίδωρος)
499 2800 546 2850 τὸν
569 2795 677 2849 εὶνιὸντα
699 2800 750 2848 τῶν
774 2793 899 2866 Ἐφεσίων
926 2799 992 2869 πρὸς
1019 2799 1066 2851 οόν
1093 2801 1211 2866 βασιλέα,
1239 2795 1274 2856 ὥς
1298 2793 1330 2848 οὗ

269 2891 361 2956 πρέπει
379 2882 435 2949 θεῷ
455 2889 532 2941 θεοῖς
550 2877 716 2951 ἀναθήματα
734 2881 946 2946 κατασκευάζειν.
972 2885 1060 2936 'trab
1080 2888 1099 2936 l.
1118 2888 1137 2935 l.
1161 2885 1203 2936 (ll.
1223 2887 1286 2934 Arr-
1305 2885 1329 2951 l,

271 2969 303 3022 17
323 2973 392 3021 extr.
463 2991 467 3002 =
492 2963 546 3034 37)
565 2971 654 3020 Strab.
672 2971 747 3036 xlv,
766 2985 792 3032 p.
810 2967 872 3018 634.
911 2971 1174 3040 vitrur.11,praet
1211 2973 1254 3022 De
1276 2983 1331 3021 no-

268 3058 342 3107 mine
360 3058 395 3106 ci.
415 3057 473 3106 edd.
493 3057 619 3106 strabon.
638 3069 664 3118 p.
677 3053 740 3122 337,
759 3069 785 3106 n.
798 3053 824 3105 3.
837 3079 872 3091 -·
885 3057 966 3122 stlttg
985 3057 1044 3108 (lat.
1058 3061 1116 3108 Art.
1135 3073 1157 3108 s.
1170 3071 1196 3106 ν.
1273 3053 1330 3118 38)

269 3144 350 3208 sillig
370 3143 398 3193 id
420 3139 541 3207 conjecit
560 3155 594 3192 ex
611 3142 681 3192 Plio.
699 3143 829 3208 xxxvl,
847 3140 897 3209 21,
929 3145 991 3193 loco
1014 3141 1188 3209 difficillimo,
1210 3143 1258 3193 nbi
1280 3155 1331 3205 pro

268 3243 332 3280 una
355 3243 372 3279 a
395 3232 504 3292 Scopa
527 3224 565 3294 (i.
585 3241 609 3278 e.
632 3231 759 3279 columna
782 3225 917 3295 caelata),
942 3231 1010 3292 quod
1035 3231 1146 3293 vulgata
1165 3230 1329 3291 praenotet

268 3315 415 3365 Forsterus
437 3315 477 3364 lta
501 3319 603 3364 tuetur:
624 3315 666 3362 les
684 3315 835 3376 npbestens
856 3313 1013 3377 pourralent
1036 3317 1114 3366 avoir
1132 3309 1229 3366 acbetd
1248 3316 1331 3378 puel·

269 3413 320 3464 que
333 3405 394 3462 part
405 3413 441 3475 up
456 3400 599 3462 chapiteau
617 3399 651 3448 da
669 3401 785 3451 colonne
803 3395 910 3462 sezrpte
927 3411 978 3462 pst·
996 3404 1101 3462 scopas
1118 3403 1257 3466 longtems
1276 3410 1329 3450 au-

269 3491 400 3548 paravant
416 3471 444 3546 p
463 3483 526 3549 nto,
546 3489 573 3534 et
592 3497 641 3546 pro
659 3495 724 3534 uno
748 3499 886 3548 escape
910 3481 980 3550 qrrod
1005 3486 1150 3550 ingeniosa
1168 3483 1331 3550 conjectura

267 3565 703 3634 proposuitWinlrelmaun(Anm.
717 3571 760 3622 rib.
771 3574 797 3622 d.
811 3549 1008 3623 llantuwerlre
1020 3573 1043 3636 1,
1057 3587 1083 3634 p.
1093 3571 1155 3623 378.
1175 3573 1218 3624 Gi:
1231 3572 1332 3623 Clarae

242 3681 253 3687 -
269 3657 298 3705 et
307 3654 433 3704 visconti
450 3653 623 3716 Descriptlon
642 3669 669 3718 p.
680 3651 767 3719 386):
787 3657 908 3708 codicem
925 3661 994 3722 Reg.
1013 3659 1034 3708 1.
1054 3663 1168 3708 secutus
1186 3658 1226 3710 lta
1245 3659 1331 3722 legit:

268 3741 327 3790 Una
345 3743 435 3802 scopa
459 3739 536 3802 operi
560 3741 679 3802 praefuit
703 3741 884 3806 chersiphron
902 3743 921 3794 i.
940 3757 965 3794 e.
984 3744 1064 3794 simul
1082 3757 1143 3794 cum
1162 3747 1255 3807 Scopa
1274 3741 1332 3810 (cf.

268 3827 333 3876 Tac.
347 3829 416 3876 Anu.
430 3823 533 3892 1v‚55.
552 3827 600 3893 Vl,
619 3823 681 3890 91).
719 3829 796 3889 Quod
810 3842 877 3879 sane
891 3829 967 3880 nullo
981 3832 1059 3880 modo
1074 3831 1141 3880 ferri
1155 3834 1261 3897 posset,
1276 3831 1331 3879 nisi

269 3911 433 3962 architectos
448 3912 541 3974 templi
554 3911 665 3974 saepius
679 3913 849 3964 contudisset
862 3913 975 3965 Plinius.
1013 3915 1158 3976 Querella
1175 3929 1234 3968 rem
1254 3917 1331 3967 ucci-

269 4008 333 4056 pere
348 4009 501 4062 possumus,
520 3999 551 4046 ut
563 4009 618 4047 una
630 4011 692 4049 eum
704 3999 852 4050 Dinocrate
866 4003 983 4063 Scopam
1002 4001 1078 4065 operi
1091 4003 1244 4064 praefuisse
1263 4015 1332 4052 cen-

200 4137 204 4142 ,
270 4091 387 4130 scamus.
470 4075 523 4146 39)
542 4082 583 4134 Gt.
604 4083 675 4134 intra
692 4081 716 4150 §.
735 4084 761 4134 4.
846 4081 898 4150 40)
917 4089 1028 4154 Tegeae
1046 4091 1151 4152 Scopas
1171 4088 1257 4139 Aleae
1276 4087 1333 4137 itti-
