2916 4722
267 266 338 338 132

159 474 165 486 1
266 453 320 514 tim
342 448 382 514 ab
399 448 544 536 Ephesiis
567 455 699 512 vocatus
723 455 779 526 est,
803 454 931 532 etpost
954 455 1087 510 mortem
1111 444 1265 510 sacrificia
1289 456 1323 511 et

266 556 436 620 certamina
448 554 479 618 ei
489 551 730 638 quotmensibus
750 572 769 614 e
786 548 1021 638 magistratibus
1036 548 1215 630 factasunt,
1237 572 1323 637 quae

265 679 308 723 ne
328 679 466 744 unquam
488 657 771 722 intermitterentur
784 654 858 744 lege
873 675 983 719 severa
999 661 1124 718 cautum
1148 655 1291 738 erat²⁰).

611 893 673 976 lv.
722 891 970 977 Alllhllhllls.

353 1081 530 1166 Antequam
554 1079 594 1145 de
617 1079 905 1160 Amazonibus,
938 1078 1044 1166 quoad
1073 1100 1144 1144 cum
1167 1077 1324 1164 Ephesio-

265 1205 333 1250 rum
355 1185 487 1250 historia
509 1194 564 1249 aut
585 1184 701 1249 fabulis
720 1186 900 1262 cohaerent,
923 1185 1099 1249 accuratius
1114 1182 1265 1261 dicamus,
1288 1184 1324 1245 in

264 1291 453 1369 universum,
475 1311 518 1354 ne
539 1293 573 1354 in
588 1311 718 1377 gravem
743 1311 878 1375 eumque
893 1298 942 1353 sat
957 1310 1154 1354 communem
1179 1306 1324 1350 errorem

263 1391 452 1471 incidamus,
480 1391 515 1456 id
543 1403 664 1458 tantum
695 1392 889 1458 monendum
916 1391 1044 1458 videtur
1065 1392 1244 1456 Amazones
1266 1411 1322 1454 ne·

265 1517 419 1582 quaquam
440 1497 591 1561 historice
613 1495 814 1582 accipiendas
837 1519 916 1576 esse,
938 1495 1029 1562 sede
1051 1498 1212 1560 contrario
1236 1501 1322 1558 totas

264 1599 306 1663 ad
333 1599 567 1689 mythologiam
597 1605 766 1687 pertinere.
819 1603 936 1665 Earum
965 1602 1049 1665 enim
1077 1598 1201 1664 fabulas
1223 1621 1322 1684 quum

266 1726 303 1768 er
326 1703 537 1789 frequentium
560 1703 795 1771 hierodulerum
818 1704 970 1793 gregibus
992 1707 1027 1769 in
1054 1702 1189 1768 cultibus
1213 1713 1247 1768 et
1273 1723 1322 1767 sa-

265 1811 327 1871 eris
344 1807 489 1872 Asiaticis
505 1817 592 1872 ortas
608 1830 678 1872 esse
692 1811 862 1896 ingeniose
877 1807 1055 1873 ostenderit
1070 1806 1257 1873 Toelken
1268 1807 1321 1885 ²¹),

263 1914 325 1996 jam
346 1913 431 1974 inter
453 1931 564 1975 omnes
585 1910 806 1998 mythologice
834 1913 954 1996 peritos
984 1921 1123 1991 constet,
1153 1913 1322 1976 Amazoni·

206 2091 208 2098 ,
263 2014 324 2078 bos
346 2014 426 2077 nihil
447 2015 515 2079 fere
537 2017 598 2078 nisi
616 2017 780 2102 peregrini
795 2013 957 2100 cujusdam
980 2015 1082 2081 cultus
1105 2017 1322 2079 notionem

265 2138 446 2203 expressum
469 2139 539 2182 esse
555 2120 612 2200 ²²),
636 2121 767 2205 ejusque
783 2140 854 2182 cum
870 2118 1066 2184 Graecorum
1080 2118 1239 2207 religione
1254 2141 1333 2184 cer-.

263 2233 369 2287 tamen
391 2223 609 2308 frequentibus
624 2226 691 2287 istis
706 2225 823 2311 pugnis
836 2222 1035 2311 designatum
1051 2245 1129 2302 esse,
1153 2246 1229 2308 quas
1248 2245 1319 2288 cum

263 2327 477 2392 Amazonibus
501 2336 551 2392 tot
573 2325 770 2392 Graecorum
793 2327 907 2392 heroes
929 2328 1077 2394 habuisse
1100 2327 1320 2407 credebantur,

262 2431 426 2509 Hercules,
449 2430 678 2516 Bellerophon,
702 2433 860 2510 Theseus,
884 2429 1023 2496 Achilles
1039 2433 1088 2512 ²³)
1112 2442 1144 2496 et
1165 2431 1217 2496 vel
1239 2436 1319 2519 ipse,

264 2557 357 2618 quem
374 2535 493 2620 Ephesi
509 2533 626 2598 cultum
642 2535 739 2598 fuisse
755 2555 849 2620 supra
865 2534 1070 2614 ostendimus,
1085 2535 1253 2626 Dionysus
1264 2538 1319 2616 ²⁴).

264 2635 358 2719 Quae
381 2639 576 2700 Amazonum
599 2641 689 2700 notio
712 2639 859 2721 primarie
877 2660 971 2722 quum
987 2638 1150 2724 paullatim
1173 2641 1320 2706 euheme-

333 2795 387 2863 20)
406 2802 513 2854 vitruv.
530 2805 570 2871 X,
590 2804 615 2856 7.
651 2805 913 2874 cs.e.1v,p.11,
938 2801 963 2873 §
984 2807 1015 2877 1,
1036 2808 1157 2861 mlle.
1264 2809 1319 2880 21)

263 2887 352 2936 Ueber
374 2888 423 2936 des
446 2890 581 2940 Basrelief
601 2906 627 2953 p.
652 2889 705 2941 210
727 2895 784 2942 not.
815 2893 992 2958 „Historiseh
1017 2896 1077 2946 sind
1098 2897 1141 2947 die
1158 2901 1318 2951 Amazonen

262 2973 338 3024 wohl
355 2971 444 3024 nichts
463 2976 588 3043 anderes,
607 2977 648 3027 uls
667 2977 710 3040 die
727 2977 897 3029 tenatischen
921 2981 1015 3031 ehelos
1037 2984 1169 3033 lebenden
1188 2987 1318 3048 ramper-

263 3059 437 3110 dienerinnen
459 3057 538 3126 jener
560 3063 740 3114 bewaffneten
763 3067 875 3129 grossen
895 3066 990 3118 Gottln
1012 3069 1060 3118 des
1086 3068 1200 3120 lroeren
1217 3072 1318 3122 Klein·
1346 3107 1352 3120 .

263 3147 369 3212 asiano,
394 3149 475 3198 deren
499 3148 700 3215 lrriegerischer
721 3151 818 3202 Dienst
840 3153 934 3214 spster
955 3156 1037 3203 unter
1058 3155 1117 3204 dem
1141 3158 1243 3208 Nomen
1267 3160 1319 3209 der

262 3235 376 3284 Bellona
394 3230 508 3299 (Enyo)
532 3240 601 3287 nach
623 3241 691 3288 Rom
717 3230 813 3302 lrem“;
839 3239 884 3289 eui
907 3241 1040 3291 accedunt
1062 3241 1170 3291 Boeelrh
1193 3256 1235 3305 op.
1255 3244 1319 3296 flirt

262 3319 373 3370 Hierod.
392 3314 417 3382 p.
436 3319 470 3371 55
490 3325 519 3373 et
535 3325 661 3374 Mueller.
679 3326 745 3374 Dor.
762 3325 798 3389 ll,
818 3339 845 3387 p.
862 3322 925 3376 390.
1001 3320 1054 3389 22)
1071 3327 1144 3392 „Die
1162 3328 1317 3394 urspring-

261 3404 333 3456 liehe
352 3407 510 3471 Bedeutung
528 3409 618 3459 dieser
635 3411 799 3461 streithoren
813 3413 921 3462 Frauen
939 3411 976 3462 ist
993 3411 1021 3462 ln
1032 3414 1091 3463 ¹«len
1110 3414 1231 3478 blutigen
1243 3417 1317 3468 Got-

263 3490 432 3542 terdleusten
451 3492 528 3544 einer
545 3495 698 3546 ellmbhlich
716 3497 765 3546 mit
782 3497 906 3547 Artemis¹
918 3498 1153 3562 gleiehgesetuteu
1166 3503 1317 3565 Mondgbt·

263 3575 302 3625 tin
315 3588 351 3625 nu
369 3571 502 3627 suchen“.
538 3582 619 3630 (terh.
638 3585 746 3633 Auserl.
757 3585 921 3646 vasengem.
943 3585 977 3648 ll,
991 3598 1017 3646 p.
1030 3583 1074 3635 56.
1111 3585 1152 3635 Gt.
1172 3601 1239 3650 quos
1250 3589 1316 3638 lou·

263 3663 310 3712 dot
328 3660 450 3712 Greuzer
468 3665 503 3730 ll,
521 3679 548 3727 p.
568 3664 628 3717 171.
664 3671 857 3733 stockelherg‚
875 3671 1056 3733 Apelletemp.
1074 3685 1100 3733 p.
1117 3670 1161 3722 ol.
1197 3675 1316 3724 Usehold

261 3749 392 3798 Vorhalle
410 3749 445 3817 11,
464 3764 490 3812 p.
509 3750 571 3803 245.
654 3749 706 3818 23)
725 3756 823 3820 „Auch
841 3755 890 3804 ier
907 3757 1002 3806 Aolels
1020 3757 1093 3808 ihrer
1111 3755 1177 3819 (der
1193 3763 1317 3811 Amazo-

261 3829 334 3898 neo)
357 3836 543 3901 neksmpfung
564 3839 646 3888 durch
674 3840 843 3904 griechische
866 3843 970 3892 Helden
994 3839 1066 3908 (ist)
1091 3844 1135 3895 elo
1157 3845 1316 3909 religiosor.

261 3921 300 3969 Es
317 3920 354 3970 ist
372 3921 415 3971 die
433 3922 618 3989 Belrbmplung
636 3927 802 3977 nbchtlicher
820 3928 1023 3980 GotterdIenste
1047 3933 1129 3981 durch
1146 3933 1198 3983 den
1215 3932 1318 3984 Dienst

261 4003 384 4055 reinerer
401 4004 604 4061 hichtwesen“.
641 4015 721 4064 Geth.
740 4013 759 4062 l.
776 4013 797 4062 1.
816 4027 842 4075 p.
861 4013 904 4064 57.
1010 4012 1065 4082 24)
1090 4019 1155 4070 Teo.
1173 4022 1243 4069 Ann.
1263 4019 1314 4086 m,

261 4087 305 4144 61.
341 4089 422 4143 Pons.
441 4094 503 4162 Vll,
522 4092 549 4162 2,
568 4095 593 4148 7.
629 4099 700 4150 Plut.
720 4099 832 4160 Quaest.
852 4102 900 4152 Gr.
919 4103 999 4154 LVI..
