2866 4736
1120 303 1165 376 11

106 476 181 542 dam
204 475 359 548 terrebant
374 478 417 558 ³),
438 481 482 544 ita
497 489 533 544 ut
547 479 735 546 Panionium
757 483 867 566 ipsum,
891 504 910 548 a
932 504 996 568 quo
1013 485 1167 570 Ephesio·
1251 539 1258 554 .

106 604 176 648 rum
195 603 284 648 oram
306 584 447 668 incipere
470 582 547 648 dicit
561 583 677 648 Strabo
694 587 735 663 ⁴),
758 587 937 674 ambiguum
952 591 1035 654 inter
1056 609 1166 654 eorum

106 685 349 770 seniorumque
364 697 396 752 et
410 687 627 752 Prienensium
650 687 803 754 ditionem
819 691 914 756 luisse
930 690 1083 771 videatur,
1105 715 1166 777 que

107 787 147 854 de
171 811 222 867 re,
249 789 290 854 de
313 788 442 874 oppidis
465 790 611 874 Ephesiis
635 789 748 856 dicturi
771 795 818 879 (ᾗ,
841 797 892 874 5.)
916 793 1049 879 amplius
1072 816 1167 880 expo-

99 914 246 957 nemus·
276 894 303 956 A
319 892 449 978 Mycale
464 913 541 956 vero
559 896 714 960 orientem
728 917 838 962 versus
857 909 888 962 et
907 902 1166 984 septentrionem,

109 995 173 1062 dno
196 1007 367 1062 excurrunt
382 1007 515 1076 montes,
538 1000 650 1084 exigue
673 1008 793 1064 tanturn
816 997 955 1085 planitie,
978 1025 1058 1087 quae
1081 1023 1167 1068 nnnc
1215 1017 1218 1022 '

49 1155 51 1163 s
111 1099 457 1178 Aktsclrova'andit,
480 1104 555 1166 satis
579 1101 644 1166 alto
668 1102 742 1166 loeo
766 1105 989 1170 intermontes
1012 1109 1166 1192 positaet

109 1207 208 1270 vineis
230 1205 395 1290 hortisque
423 1204 654 1270 abundantes
682 1205 812 1290 Mycale
841 1211 991 1292 separati,
1019 1213 1102 1274 inter
1130 1231 1166 1277 se

107 1317 215 1374 tamen
235 1318 389 1376 montano
412 1307 550 1394 quodam
573 1319 676 1378 tractu
692 1310 792 1376 arduo
808 1320 841 1374 et
855 1309 978 1376 dilficih
996 1313 1167 1378 cohaeren-
1185 1343 1187 1348 v

13 1479 21 1490 ,
107 1419 165 1488 tes,
188 1433 362 1497 perquem
385 1433 423 1476 ex
446 1434 481 1476 ea
506 1429 597 1498 qnam
621 1414 753 1480 diximus
776 1407 906 1500 planitie
929 1416 1087 1480 Lethaeus
1110 1417 1168 1482 flu-

105 1517 178 1580 vius
201 1514 314 1600 rapido
343 1537 437 1584 cursu
465 1515 633 1601 multisque
663 1539 700 1582 ex
728 1529 864 1604 utroque
893 1522 1166 1605 monte'receptis

108 1639 263 1702 aquarum
282 1621 356 1684 rivis
378 1621 414 1682 in
430 1619 622 1706 Magnesiae
642 1601 796 1707 campum,
824 1632 856 1686 et
879 1621 918 1686 ab
942 1611 1001 1688 hac
1022 1626 1056 1688 in
1079 1623 1168 1689 Mae·

109 1719 243 1786 andrum
266 1721 416 1797 decurrit3
440 1723 635 1810 Magnesiae*
656 1745 735 1790 vero
757 1728 855 1810 ipsius
881 1724 1012 1804 rudera,
1041 1735 1167 1793 centum
1264 1771 1269 1780 ·

106 1833 229 1890 tanturn
253 1835 286 1892 et
306 1828 418 1912 viginti
440 1826 567 1906 stadiis,
580 1839 616 1893 ut
632 1838 758 1894 veteres
780 1822 957 1908 tradunt'⁶)
981 1828 1020 1892 ah
1037 1830 1165 1914 Epheso

108 1928 267 2006 distantia,
290 1933 365 1995 satis
381 1929 484 2016 ampla
496 1934 740 2017 conspiciuntur
761 1935 792 1999 in
809 1931 883 1998 lnco
908 1936 960 2019 qui
984 1954 1069 1998 nunc
1091 1933 1168 1998 dici-

107 2043 159 2097 tur
175 2034 425 2100 Eine-Basar
441 2035 482 2112 ⁶),
504 2038 686 2102 imminente
710 2036 844 2100 duorum
866 2036 1167 2102 iliorummontium

107 2158 158 2216 eo,
180 2139 234 2222 qui
256 2136 418 2202 meridiem
432 2161 542 2204 versus
557 2149 687 2226 spectat,
711 2162 803 2225 quem
825 2139 900 2206 ideo
917 2142 1095 2227 Thoraeem
1115 2161 1168 2202 ve·

108 2252 208 2306 terum
231 2241 329 2308 luisse
358 2251 483 2306 constat
497 2245 541 2326 ⁷).
592 2243 684 2308 Alter
710 2265 804 2320 vero,
833 2247 888 2328 qui
916 2245 1166 2327 septentrionem

110 2366 216 2410 versus
240 2345 522 2424 alrethaeieursu
544 2349 621 2410 situs
644 2368 740 2433 super
761 2349 864 2432 ipsum
883 2346 1002 2430 Ephesi
1023 2365 1166 2430 eampum
1188 2340 1195 2348 ’

107 2447 147 2514 ad
169 2447 343 2534 Caystrum
366 2453 508 2528 excurrit,
531 2461 563 2516 et
585 2449 626 2514 ad
648 2449 732 2514 haud
754 2448 946 2516 mediocrem
969 2447 1167 2514 altitudinem

106 2553 435 2631 ascendit-orientem
463 2576 574 2618 versus
603 2555 667 2640 per'
684 2555 852 2622 humiliora
880 2556 971 2642 juga,
999 2575 1057 2639 per
1084 2576 1167 2640 quae

104 2680 191 2722 nunc
213 2657 334 2724 directa
358 2657 526 2742 aSrnyrna
543 2657 667 2724 Tralles
684 2681 794 2724 versus
816 2661 867 2722 via
891 2659 1010 2735 transit,
1035 2660 1169 2743 conjun-

106 2771 177 2826 ctus
202 2771 250 2827 est
272 2784 341 2826 cum
365 2760 427 2826 alta
451 2761 645 2849 Messogide,
667 2766 844 2847 meritoque
865 2771 1008 2826 veterum
1030 2763 1167 2847 Pactyas

107 2875 279 2944 censetur,
299 2887 391 2951 quem
420 2869 503 2930 inter
531 2867 697 2954 Messogin
727 2877 759 2932 et
785 2865 937 2951 Mycalen
966 2869 1000 2930 in
1026 2866 1169 2950 Ephesia

107 2980 192 3034 terra
221 2972 313 3035 situm
342 2969 441 3034 tradit
465 2969 580 3034 Strabo
604 2973 651 3051 ⁸),
675 2971 802 3057 alioque
831 2969 906 3034 loeo
924 2972 957 3050 9’)
987 2962 1166 3040 disertevd
1272 3053 1274 3059 k

108 3072 178 3138 τῶν
202 3069 358 3162 Ἐφεσίων
388 3066 466 3177 ὅροις
488 3073 637 3158 appellat,
660 3078 778 3162 quippe
804 3077 965 3138 intereos
989 3075 1043 3155 qni
1066 3070 1170 3134 altitu-

178 3353 214 3422 3)
231 3347 311 3426 piper
335 3357 362 3408 ei
384 3375 411 3408 cr
434 3359 519 3422 ἔχουσι
542 3347 625 3421 αὐτῆς
647 3355 691 3406 καὶ
713 3356 740 3406 oi
761 3349 870 3424 Σάμιοι.
898 3355 987 3406 surb.
1005 3353 1079 3418 xiv,
1105 3347 1168 3410 639,

105 3441 254 3496 Πανιώνιον
272 3447 297 3494 ir
315 3439 348 3512 τῇ
368 3443 483 3511 παραλίᾳ
501 3439 552 3494 τῶν
566 3435 690 3510 Ἐφεσίων
709 3439 820 3494 καὶτῶν
839 3442 958 3509 Σαμίων.
994 3441 1086 3501 steph.
1100 3441 1168 3502 Byz,

77 3531 85 3537 '
107 3543 134 3580 r.
153 3527 309 3580 Πανιώνιον.
347 3527 388 3578 Gt.
407 3531 441 3580 de
458 3530 510 3580 lieo
527 3528 678 3580 samiorum
703 3541 753 3582 ors
774 3525 887 3592 ejusque
905 3526 1012 3589 oppidis
1032 3527 1123 3578 nesle
1141 3541 1168 3588 p,

106 3611 171 3664 260.
199 3615 325 3673 Penoilra
345 3617 402 3666 Res
425 3615 575 3666 Samiorum
600 3603 623 3680 §l
649 3612 674 3664 1.
745 3610 779 3678 4)
802 3616 821 3664 i.
846 3627 870 3664 c.
892 3607 1021 3681 Ἐφεσίων
1040 3613 1168 3678 ὴιιριιλία,
1223 3613 1228 3626 ’

106 3696 142 3765 5)
162 3702 206 3752 lta
223 3701 413 3752 Artemidorus
431 3715 474 3763 ep.
494 3686 582 3752 strala
602 3701 675 3767 XIV,
694 3697 770 3762 6634
794 3699 915 3764 Plinius,
939 3697 1096 3762 quotidem
1115 3701 1168 3764 est,

106 3787 261 3850 quindecim
280 3787 347 3838 mill.
365 3801 402 3851 p.‚
420 3789 454 3854 V,
473 3785 517 3838 31.
536 3791 610 3838 erret
626 3787 711 3850 igitur
730 3791 827 3836 auctor
840 3787 965 3836 Ll'obuiee
977 3782 1169 3845 Peniingeria-

104 3885 175 3939 nae,
198 3885 269 3935 quse
286 3873 363 3924 XXX
381 3886 434 3934 inp.
453 3873 537 3936 ponit.
608 3869 643 3938 6)
662 3872 740 3934 Κὶιιιιι
753 3895 791 3908 -
805 3872 915 3924 flemilt.
934 3872 956 3937 i,
978 3883 1004 3932 p.
1023 3864 1096 3934 538,
1115 3867 1169 3920 nri-

107 3971 161 4010 nur
178 3963 258 4010 recte
276 3961 309 4012 ab
327 3959 475 4011 Arun'rieiic
493 3960 575 4026 visit,
594 3973 620 4020 p.
639 3956 684 4008 58.
704 3959 818 4021 aliisque
837 3959 990 4020 appelletur
1005 3956 1087 4006 iuek
1105 3959 1168 4006 Bo-

107 4057 180 4096 m.
227 4041 489 4112 .7)suao.x1v,
508 4060 533 4107 p.
553 4043 614 4096 err.
686 4041 722 4108 8)
741 4047 830 4099 Strati.
848 4059 874 4107 p.
893 4041 986 4096 636..
1026 4037 1060 4103 9)
1079 4043 1170 4096 strum

107 4144 136 4192 p.
155 4127 218 4181 tili.
256 4129 298 4182 Gi.
317 4133 350 4182 de
369 4130 528 4195 Magnesiae
553 4133 582 4182 et
599 4129 700 4192 Ephesi
717 4126 813 4182 linibus
832 4130 938 4184 Vitruv.
957 4129 1018 4196 vii,
1037 4127 1062 4180 7.
