<?xml version="1.0" encoding="UTF-8"?>
<!DOCTYPE html PUBLIC "-//W3C//DTD XHTML 1.0 Transitional//EN"
    "http://www.w3.org/TR/xhtml1/DTD/xhtml1-transitional.dtd">
<html xmlns="http://www.w3.org/1999/xhtml" xml:lang="en" lang="en">
 <head>
  <title>
</title>
<meta http-equiv="Content-Type" content="text/html;charset=utf-8" />
  <meta name='ocr-system' content='tesseract 3.04.00' />
  <meta name='ocr-capabilities' content='ocr_page ocr_carea ocr_par ocr_line ocrx_word'/>
</head>
<body>
  <div class='ocr_page' id='page_1' title='image "./ephesiaca00guhlgoog_0201.png"; bbox 0 0 2910 4726; ppageno 0'>
   <div class='ocr_carea' id='block_1_1' title="bbox 283 278 354 352">
    <p class='ocr_par' dir='ltr' id='par_1_1' title="bbox 283 278 354 352">
     <span class='ocr_line' id='line_1_1' title="bbox 283 278 354 352; baseline 0 0"><span class='ocrx_word' id='word_1_1' title='bbox 283 278 354 352; x_wconf 77' lang='lat'><strong>180</strong></span> 
     </span>
    </p>
   </div>
   <div class='ocr_carea' id='block_1_2' title="bbox 279 455 1448 1168">
    <p class='ocr_par' dir='ltr' id='par_1_2' title="bbox 279 455 1448 1168">
     <span class='ocr_line' id='line_1_2' title="bbox 279 455 1337 542; baseline -0.004 -14"><span class='ocrx_word' id='word_1_2' title='bbox 279 461 336 528; x_wconf 88' lang='lat' dir='ltr'><strong>ubi</strong></span> <span class='ocrx_word' id='word_1_3' title='bbox 357 455 457 529; x_wconf 69' lang='lat' dir='ltr'><strong>citat</strong></span> <span class='ocrx_word' id='word_1_4' title='bbox 472 456 685 542; x_wconf 71' lang='lat' dir='ltr'><strong>Muyrmldcc</strong></span> <span class='ocrx_word' id='word_1_5' title='bbox 705 467 780 524; x_wconf 89' lang='lat' dir='ltr'><strong>sunt</strong></span> <span class='ocrx_word' id='word_1_6' title='bbox 800 459 864 539; x_wconf 83' lang='lat'><strong>(6)</strong></span> <span class='ocrx_word' id='word_1_7' title='bbox 886 456 946 538; x_wconf 89' lang='lat' dir='ltr'><strong>(cl.</strong></span> <span class='ocrx_word' id='word_1_8' title='bbox 967 477 993 522; x_wconf 88' lang='lat' dir='ltr'><strong>c.</strong></span> <span class='ocrx_word' id='word_1_9' title='bbox 1010 456 1033 534; x_wconf 91' lang='grc' dir='ltr'><strong>Ι,</strong></span> <span class='ocrx_word' id='word_1_10' title='bbox 1055 456 1082 542; x_wconf 81' lang='lat'><strong>§.</strong></span> <span class='ocrx_word' id='word_1_11' title='bbox 1098 457 1129 536; x_wconf 88' lang='grc'><strong>3,</strong></span> <span class='ocrx_word' id='word_1_12' title='bbox 1144 477 1175 524; x_wconf 85' lang='lat' dir='ltr'><strong>u.</strong></span> <span class='ocrx_word' id='word_1_13' title='bbox 1191 458 1245 524; x_wconf 83' lang='lat'><strong>35.</strong></span> <span class='ocrx_word' id='word_1_14' title='bbox 1261 458 1337 538; x_wconf 83' lang='lat'><strong>38),</strong></span> 
     </span>
     <span class='ocr_line' id='line_1_3' title="bbox 280 559 1340 652; baseline -0.003 -23"><span class='ocrx_word' id='word_1_15' title='bbox 280 567 382 652; x_wconf 87' lang='lat' dir='ltr'><strong>ipsum</strong></span> <span class='ocrx_word' id='word_1_16' title='bbox 404 565 551 630; x_wconf 90' lang='lat' dir='ltr'><strong>Prionem</strong></span> <span class='ocrx_word' id='word_1_17' title='bbox 574 559 731 640; x_wconf 89' lang='lat' dir='ltr'><strong>ascendit,</strong></span> <span class='ocrx_word' id='word_1_18' title='bbox 760 559 1086 648; x_wconf 82' lang='lat' dir='ltr'><strong>enjus&#39;deelivitatem</strong></span> <span class='ocrx_word' id='word_1_19' title='bbox 1109 560 1149 626; x_wconf 92' lang='lat' dir='ltr'><strong>ad</strong></span> <span class='ocrx_word' id='word_1_20' title='bbox 1172 561 1340 628; x_wconf 81' lang='lat' dir='ltr'><strong>meridiem</strong></span> 
     </span>
     <span class='ocr_line' id='line_1_4' title="bbox 280 663 1448 752; baseline -0.005 -18"><span class='ocrx_word' id='word_1_21' title='bbox 280 690 391 734; x_wconf 89' lang='lat' dir='ltr'><strong>versus</strong></span> <span class='ocrx_word' id='word_1_22' title='bbox 413 669 556 752; x_wconf 88' lang='lat' dir='ltr'><strong>sequitur</strong></span> <span class='ocrx_word' id='word_1_23' title='bbox 578 676 610 730; x_wconf 90' lang='lat' dir='ltr'><strong>et</strong></span> <span class='ocrx_word' id='word_1_24' title='bbox 624 685 697 734; x_wconf 84' lang='lat' dir='ltr'><strong>mox</strong></span> <span class='ocrx_word' id='word_1_25' title='bbox 719 687 822 751; x_wconf 88' lang='lat' dir='ltr'><strong>prope</strong></span> <span class='ocrx_word' id='word_1_26' title='bbox 840 663 1048 748; x_wconf 86' lang='lat' dir='ltr'><strong>Gymnasium</strong></span> <span class='ocrx_word' id='word_1_27' title='bbox 1067 667 1154 744; x_wconf 86' lang='grc'><strong>(10)</strong></span> <span class='ocrx_word' id='word_1_28' title='bbox 1177 667 1210 730; x_wconf 89' lang='lat' dir='ltr'><strong>in</strong></span> <span class='ocrx_word' id='word_1_29' title='bbox 1234 668 1339 730; x_wconf 89' lang='lat' dir='ltr'><strong>sinum</strong></span> <span class='ocrx_word' id='word_1_30' title='bbox 1447 665 1448 674; x_wconf 76' lang='grc'>’</span> 
     </span>
     <span class='ocr_line' id='line_1_5' title="bbox 281 767 1341 858; baseline -0.004 -20"><span class='ocrx_word' id='word_1_31' title='bbox 281 769 439 858; x_wconf 85' lang='lat' dir='ltr'><strong>quendam</strong></span> <span class='ocrx_word' id='word_1_32' title='bbox 462 771 617 834; x_wconf 85' lang='lat' dir='ltr'><strong>orientem</strong></span> <span class='ocrx_word' id='word_1_33' title='bbox 639 790 749 834; x_wconf 86' lang='lat' dir='ltr'><strong>versus</strong></span> <span class='ocrx_word' id='word_1_34' title='bbox 765 768 899 838; x_wconf 82' lang='lat' dir='ltr'><strong>inllexus</strong></span> <span class='ocrx_word' id='word_1_35' title='bbox 921 771 954 832; x_wconf 89' lang='lat' dir='ltr'><strong>in</strong></span> <span class='ocrx_word' id='word_1_36' title='bbox 970 767 1148 832; x_wconf 88' lang='lat' dir='ltr'><strong>convallem</strong></span> <span class='ocrx_word' id='word_1_37' title='bbox 1171 769 1257 834; x_wconf 87' lang='lat' dir='ltr'><strong>iuter</strong></span> <span class='ocrx_word' id='word_1_38' title='bbox 1273 769 1341 834; x_wconf 88' lang='lat' dir='ltr'><strong>Ce-</strong></span> 
     </span>
     <span class='ocr_line' id='line_1_6' title="bbox 280 870 1341 958; baseline -0.002 -18"><span class='ocrx_word' id='word_1_39' title='bbox 280 897 401 942; x_wconf 87' lang='lat' dir='ltr'><strong>ressum</strong></span> <span class='ocrx_word' id='word_1_40' title='bbox 424 883 456 938; x_wconf 89' lang='lat' dir='ltr'><strong>et</strong></span> <span class='ocrx_word' id='word_1_41' title='bbox 471 873 628 951; x_wconf 86' lang='lat' dir='ltr'><strong>Prionem,</strong></span> <span class='ocrx_word' id='word_1_42' title='bbox 650 872 705 938; x_wconf 90' lang='lat' dir='ltr'><strong>ubi</strong></span> <span class='ocrx_word' id='word_1_43' title='bbox 728 882 820 958; x_wconf 88' lang='lat' dir='ltr'><strong>porta</strong></span> <span class='ocrx_word' id='word_1_44' title='bbox 843 871 940 936; x_wconf 87' lang='lat' dir='ltr'><strong>fuisse</strong></span> <span class='ocrx_word' id='word_1_45' title='bbox 963 870 1089 938; x_wconf 89' lang='lat' dir='ltr'><strong>videtur</strong></span> <span class='ocrx_word' id='word_1_46' title='bbox 1111 873 1183 952; x_wconf 86' lang='lat'><strong>(7),</strong></span> <span class='ocrx_word' id='word_1_47' title='bbox 1206 871 1341 938; x_wconf 88' lang='lat' dir='ltr'><strong>descen-</strong></span> 
     </span>
     <span class='ocr_line' id='line_1_7' title="bbox 282 974 1339 1064; baseline 0 -22"><span class='ocrx_word' id='word_1_48' title='bbox 282 976 329 1042; x_wconf 88' lang='lat' dir='ltr'><strong>dit</strong></span> <span class='ocrx_word' id='word_1_49' title='bbox 345 975 506 1062; x_wconf 89' lang='lat' dir='ltr'><strong>alteraque</strong></span> <span class='ocrx_word' id='word_1_50' title='bbox 530 997 567 1049; x_wconf 77' lang='lat' dir='ltr'><strong>ex</strong></span> <span class='ocrx_word' id='word_1_51' title='bbox 589 986 679 1062; x_wconf 91' lang='lat' dir='ltr'><strong>parte</strong></span> <span class='ocrx_word' id='word_1_52' title='bbox 695 975 868 1044; x_wconf 90' lang='lat' dir='ltr'><strong>Coressnm</strong></span> <span class='ocrx_word' id='word_1_53' title='bbox 885 997 992 1042; x_wconf 89' lang='lat' dir='ltr'><strong>rursus</strong></span> <span class='ocrx_word' id='word_1_54' title='bbox 1015 974 1158 1040; x_wconf 86' lang='lat' dir='ltr'><strong>ascendit</strong></span> <span class='ocrx_word' id='word_1_55' title='bbox 1181 985 1213 1039; x_wconf 87' lang='lat' dir='ltr'><strong>et</strong></span> <span class='ocrx_word' id='word_1_56' title='bbox 1227 978 1339 1064; x_wconf 83' lang='lat' dir='ltr'><strong>jugum</strong></span> 
     </span>
     <span class='ocr_line' id='line_1_8' title="bbox 283 1076 1196 1168; baseline -0.004 -22"><span class='ocrx_word' id='word_1_57' title='bbox 283 1081 351 1168; x_wconf 88' lang='lat' dir='ltr'><strong>ejus</strong></span> <span class='ocrx_word' id='word_1_58' title='bbox 374 1082 502 1168; x_wconf 83' lang='lat' dir='ltr'><strong>attingit</strong></span> <span class='ocrx_word' id='word_1_59' title='bbox 525 1101 565 1146; x_wconf 87' lang='lat' dir='ltr'><strong>eo</strong></span> <span class='ocrx_word' id='word_1_60' title='bbox 588 1079 673 1160; x_wconf 90' lang='lat' dir='ltr'><strong>loco,</strong></span> <span class='ocrx_word' id='word_1_61' title='bbox 695 1076 781 1146; x_wconf 90' lang='lat' dir='ltr'><strong>unde</strong></span> <span class='ocrx_word' id='word_1_62' title='bbox 804 1102 898 1166; x_wconf 88' lang='lat' dir='ltr'><strong>supra</strong></span> <span class='ocrx_word' id='word_1_63' title='bbox 921 1080 1058 1165; x_wconf 86' lang='lat' dir='ltr'><strong>profecti</strong></span> <span class='ocrx_word' id='word_1_64' title='bbox 1080 1101 1196 1146; x_wconf 88' lang='lat' dir='ltr'><strong>sumus.</strong></span> 
     </span>
    </p>
   </div>
   <div class='ocr_carea' id='block_1_3' title="bbox 281 1185 1448 1373">
    <p class='ocr_par' dir='ltr' id='par_1_3' title="bbox 281 1185 1448 1373">
     <span class='ocr_line' id='line_1_9' title="bbox 370 1185 1448 1282; baseline -0.002 -34"><span class='ocrx_word' id='word_1_65' title='bbox 370 1185 467 1252; x_wconf 86' lang='lat' dir='ltr'><strong>Prion</strong></span> <span class='ocrx_word' id='word_1_66' title='bbox 491 1195 594 1250; x_wconf 72' lang='lat' dir='ltr'><strong>erstem</strong></span> <span class='ocrx_word' id='word_1_67' title='bbox 617 1203 709 1250; x_wconf 87' lang='lat' dir='ltr'><strong>mons</strong></span> <span class='ocrx_word' id='word_1_68' title='bbox 730 1194 858 1268; x_wconf 89' lang='lat' dir='ltr'><strong>praeter</strong></span> <span class='ocrx_word' id='word_1_69' title='bbox 881 1205 951 1250; x_wconf 89' lang='lat' dir='ltr'><strong>eum</strong></span> <span class='ocrx_word' id='word_1_70' title='bbox 973 1185 1053 1248; x_wconf 91' lang='lat' dir='ltr'><strong>muri</strong></span> <span class='ocrx_word' id='word_1_71' title='bbox 1075 1194 1217 1258; x_wconf 89' lang='lat' dir='ltr'><strong>tractum,</strong></span> <span class='ocrx_word' id='word_1_72' title='bbox 1245 1205 1338 1268; x_wconf 91' lang='lat' dir='ltr'><strong>quem</strong></span> <span class='ocrx_word' id='word_1_73' title='bbox 1447 1245 1448 1282; x_wconf 69' lang='lat'><strong>,</strong></span> 
     </span>
     <span class='ocr_line' id='line_1_10' title="bbox 281 1286 1448 1373; baseline -0.003 -19"><span class='ocrx_word' id='word_1_74' title='bbox 281 1287 379 1354; x_wconf 89' lang='lat' dir='ltr'><strong>modo</strong></span> <span class='ocrx_word' id='word_1_75' title='bbox 403 1287 633 1373; x_wconf 82' lang='lat' dir='ltr'><strong>descripsimus,</strong></span> <span class='ocrx_word' id='word_1_76' title='bbox 657 1286 725 1352; x_wconf 90' lang='lat' dir='ltr'><strong>aliis</strong></span> <span class='ocrx_word' id='word_1_77' title='bbox 748 1308 876 1372; x_wconf 88' lang='lat' dir='ltr'><strong>queque</strong></span> <span class='ocrx_word' id='word_1_78' title='bbox 898 1289 1098 1353; x_wconf 89' lang='lat' dir='ltr'><strong>munimentis</strong></span> <span class='ocrx_word' id='word_1_79' title='bbox 1120 1288 1154 1351; x_wconf 86' lang='lat' dir='ltr'><strong>in</strong></span> <span class='ocrx_word' id='word_1_80' title='bbox 1176 1287 1338 1372; x_wconf 84' lang='lat' dir='ltr'><strong>scropulis</strong></span> <span class='ocrx_word' id='word_1_81' title='bbox 1447 1291 1448 1350; x_wconf 79' lang='lat' dir='ltr'><strong>l</strong></span> 
     </span>
    </p>
   </div>
   <div class='ocr_carea' id='block_1_4' title="bbox 279 1389 1338 2617">
    <p class='ocr_par' dir='ltr' id='par_1_4' title="bbox 280 1389 1338 1889">
     <span class='ocr_line' id='line_1_11' title="bbox 281 1389 1338 1476; baseline -0.002 -19"><span class='ocrx_word' id='word_1_82' title='bbox 281 1391 409 1458; x_wconf 87' lang='lat' dir='ltr'><strong>modum</strong></span> <span class='ocrx_word' id='word_1_83' title='bbox 433 1394 553 1458; x_wconf 88' lang='lat' dir='ltr'><strong>cinctus</strong></span> <span class='ocrx_word' id='word_1_84' title='bbox 577 1391 674 1459; x_wconf 86' lang='lat' dir='ltr'><strong>luisse</strong></span> <span class='ocrx_word' id='word_1_85' title='bbox 696 1389 830 1469; x_wconf 85' lang='lat' dir='ltr'><strong>videtur,</strong></span> <span class='ocrx_word' id='word_1_86' title='bbox 853 1389 939 1476; x_wconf 89' lang='lat' dir='ltr'><strong>quod</strong></span> <span class='ocrx_word' id='word_1_87' title='bbox 955 1393 987 1454; x_wconf 91' lang='lat' dir='ltr'><strong>in</strong></span> <span class='ocrx_word' id='word_1_88' title='bbox 1011 1390 1095 1454; x_wconf 84' lang='lat' dir='ltr'><strong>cliro</strong></span> <span class='ocrx_word' id='word_1_89' title='bbox 1112 1390 1258 1454; x_wconf 83' lang='lat' dir='ltr'><strong>orientali</strong></span> <span class='ocrx_word' id='word_1_90' title='bbox 1274 1415 1338 1456; x_wconf 87' lang='lat' dir='ltr'><strong>mu-</strong></span> 
     </span>
     <span class='ocr_line' id='line_1_12' title="bbox 281 1494 1337 1582; baseline -0.002 -22"><span class='ocrx_word' id='word_1_91' title='bbox 281 1517 334 1560; x_wconf 87' lang='lat' dir='ltr'><strong>rus</strong></span> <span class='ocrx_word' id='word_1_92' title='bbox 362 1505 495 1560; x_wconf 89' lang='lat' dir='ltr'><strong>testatur</strong></span> <span class='ocrx_word' id='word_1_93' title='bbox 523 1499 645 1582; x_wconf 84' lang='lat' dir='ltr'><strong>magnis</strong></span> <span class='ocrx_word' id='word_1_94' title='bbox 673 1494 808 1560; x_wconf 81' lang='lat' dir='ltr'><strong>arcubus</strong></span> <span class='ocrx_word' id='word_1_95' title='bbox 843 1503 1017 1559; x_wconf 83' lang='lat' dir='ltr'><strong>exstructus</strong></span> <span class='ocrx_word' id='word_1_96' title='bbox 1040 1497 1101 1574; x_wconf 86' lang='lat'><strong>(8)</strong></span> <span class='ocrx_word' id='word_1_97' title='bbox 1133 1505 1228 1579; x_wconf 90' lang='lat' dir='ltr'><strong>atque</strong></span> <span class='ocrx_word' id='word_1_98' title='bbox 1258 1494 1337 1560; x_wconf 90' lang='lat' dir='ltr'><strong>alius</strong></span> 
     </span>
     <span class='ocr_line' id='line_1_13' title="bbox 280 1597 1336 1684; baseline 0 -21"><span class='ocrx_word' id='word_1_99' title='bbox 280 1602 362 1663; x_wconf 89' lang='lat' dir='ltr'><strong>muri</strong></span> <span class='ocrx_word' id='word_1_100' title='bbox 383 1601 493 1662; x_wconf 90' lang='lat' dir='ltr'><strong>ruinae</strong></span> <span class='ocrx_word' id='word_1_101' title='bbox 515 1600 549 1661; x_wconf 93' lang='lat' dir='ltr'><strong>in</strong></span> <span class='ocrx_word' id='word_1_102' title='bbox 572 1597 733 1684; x_wconf 79' lang='lat' dir='ltr'><strong>crepidine</strong></span> <span class='ocrx_word' id='word_1_103' title='bbox 748 1597 957 1677; x_wconf 85' lang='lat' dir='ltr'><strong>meridionali,</strong></span> <span class='ocrx_word' id='word_1_104' title='bbox 979 1621 1109 1684; x_wconf 87' lang='lat' dir='ltr'><strong>quarum</strong></span> <span class='ocrx_word' id='word_1_105' title='bbox 1132 1620 1206 1683; x_wconf 90' lang='lat' dir='ltr'><strong>pars</strong></span> <span class='ocrx_word' id='word_1_106' title='bbox 1228 1602 1262 1664; x_wconf 91' lang='lat' dir='ltr'><strong>in</strong></span> <span class='ocrx_word' id='word_1_107' title='bbox 1280 1601 1336 1663; x_wconf 93' lang='lat' dir='ltr'><strong>Le-</strong></span> 
     </span>
     <span class='ocr_line' id='line_1_14' title="bbox 280 1700 1337 1788; baseline 0 -22"><span class='ocrx_word' id='word_1_108' title='bbox 280 1723 338 1788; x_wconf 93' lang='lat' dir='ltr'><strong>pre</strong></span> <span class='ocrx_word' id='word_1_109' title='bbox 361 1711 430 1766; x_wconf 87' lang='lat' dir='ltr'><strong>acte</strong></span> <span class='ocrx_word' id='word_1_110' title='bbox 454 1700 513 1782; x_wconf 89' lang='lat' dir='ltr'><strong>(cl.</strong></span> <span class='ocrx_word' id='word_1_111' title='bbox 538 1723 564 1767; x_wconf 92' lang='lat' dir='ltr'><strong>c.</strong></span> <span class='ocrx_word' id='word_1_112' title='bbox 588 1702 611 1779; x_wconf 93' lang='grc' dir='ltr'><strong>Ι,</strong></span> <span class='ocrx_word' id='word_1_113' title='bbox 634 1700 662 1784; x_wconf 86' lang='lat'><strong>§.</strong></span> <span class='ocrx_word' id='word_1_114' title='bbox 685 1703 716 1779; x_wconf 88' lang='grc'><strong>2,</strong></span> <span class='ocrx_word' id='word_1_115' title='bbox 737 1721 769 1764; x_wconf 92' lang='lat' dir='ltr'><strong>n.</strong></span> <span class='ocrx_word' id='word_1_116' title='bbox 788 1703 856 1781; x_wconf 84' lang='grc'><strong>18),</strong></span> <span class='ocrx_word' id='word_1_117' title='bbox 878 1723 951 1787; x_wconf 91' lang='lat' dir='ltr'><strong>pars</strong></span> <span class='ocrx_word' id='word_1_118' title='bbox 974 1723 1061 1788; x_wconf 90' lang='lat' dir='ltr'><strong>pone</strong></span> <span class='ocrx_word' id='word_1_119' title='bbox 1085 1701 1214 1768; x_wconf 88' lang='lat' dir='ltr'><strong>Odeum</strong></span> <span class='ocrx_word' id='word_1_120' title='bbox 1237 1712 1271 1766; x_wconf 89' lang='lat' dir='ltr'><strong>et</strong></span> <span class='ocrx_word' id='word_1_121' title='bbox 1293 1706 1337 1766; x_wconf 85' lang='grc' dir='ltr'><strong>τέ-</strong></span> 
     </span>
     <span class='ocr_line' id='line_1_15' title="bbox 280 1803 1050 1889; baseline 0 -19"><span class='ocrx_word' id='word_1_122' title='bbox 280 1825 379 1888; x_wconf 78' lang='grc' dir='ltr'><strong><em>μενος</em></strong></span> <span class='ocrx_word' id='word_1_123' title='bbox 400 1803 481 1868; x_wconf 84' lang='lat' dir='ltr'><strong>infra</strong></span> <span class='ocrx_word' id='word_1_124' title='bbox 506 1803 696 1889; x_wconf 89' lang='lat' dir='ltr'><strong>descriptum</strong></span> <span class='ocrx_word' id='word_1_125' title='bbox 719 1807 802 1888; x_wconf 72' lang='lat' dir='ltr'><strong>(ll)</strong></span> <span class='ocrx_word' id='word_1_126' title='bbox 826 1808 957 1870; x_wconf 84' lang='lat' dir='ltr'><strong>sitaest</strong></span> <span class='ocrx_word' id='word_1_127' title='bbox 980 1809 1050 1886; x_wconf 87' lang='grc'>(9).</span> 
     </span>
    </p>

    <p class='ocr_par' dir='ltr' id='par_1_5' title="bbox 279 1905 1338 2617">
     <span class='ocr_line' id='line_1_16' title="bbox 369 1905 1336 1996; baseline 0.004 -28"><span class='ocrx_word' id='word_1_128' title='bbox 369 1905 468 1968; x_wconf 90' lang='lat' dir='ltr'><strong>Urbis</strong></span> <span class='ocrx_word' id='word_1_129' title='bbox 491 1909 588 1992; x_wconf 82' lang='lat' dir='ltr'><strong>igitur</strong></span> <span class='ocrx_word' id='word_1_130' title='bbox 604 1911 734 1973; x_wconf 87' lang='lat' dir='ltr'><strong>circuitu</strong></span> <span class='ocrx_word' id='word_1_131' title='bbox 751 1911 882 1993; x_wconf 83' lang='lat' dir='ltr'><strong>cognito</strong></span> <span class='ocrx_word' id='word_1_132' title='bbox 907 1909 1019 1976; x_wconf 90' lang='lat' dir='ltr'><strong>eadem</strong></span> <span class='ocrx_word' id='word_1_133' title='bbox 1033 1914 1084 1975; x_wconf 88' lang='lat' dir='ltr'><strong>via</strong></span> <span class='ocrx_word' id='word_1_134' title='bbox 1107 1913 1207 1996; x_wconf 88' lang='lat' dir='ltr'><strong>ipsam</strong></span> <span class='ocrx_word' id='word_1_135' title='bbox 1225 1908 1336 1976; x_wconf 89' lang='lat' dir='ltr'><strong>urbem</strong></span> 
     </span>
     <span class='ocr_line' id='line_1_17' title="bbox 280 2007 1337 2095; baseline 0.004 -21"><span class='ocrx_word' id='word_1_136' title='bbox 280 2007 507 2095; x_wconf 83' lang='lat' dir='ltr'><strong>perlustramus</strong></span> <span class='ocrx_word' id='word_1_137' title='bbox 530 2019 562 2074; x_wconf 87' lang='lat' dir='ltr'><strong>et</strong></span> <span class='ocrx_word' id='word_1_138' title='bbox 584 2031 665 2094; x_wconf 89' lang='lat' dir='ltr'><strong>quae</strong></span> <span class='ocrx_word' id='word_1_139' title='bbox 684 2011 729 2074; x_wconf 92' lang='lat' dir='ltr'><strong>ibi</strong></span> <span class='ocrx_word' id='word_1_140' title='bbox 744 2013 948 2078; x_wconf 88' lang='lat' dir='ltr'><strong>inveniuntur</strong></span> <span class='ocrx_word' id='word_1_141' title='bbox 962 2013 1086 2092; x_wconf 89' lang='lat' dir='ltr'><strong>rudera,</strong></span> <span class='ocrx_word' id='word_1_142' title='bbox 1109 2035 1145 2078; x_wconf 89' lang='lat' dir='ltr'><strong>ea</strong></span> <span class='ocrx_word' id='word_1_143' title='bbox 1161 2017 1337 2078; x_wconf 80' lang='lat' dir='ltr'><strong>accuratius</strong></span> 
     </span>
     <span class='ocr_line' id='line_1_18' title="bbox 282 2111 1338 2200; baseline 0.004 -24"><span class='ocrx_word' id='word_1_144' title='bbox 282 2111 504 2178; x_wconf 89' lang='lat' dir='ltr'><strong>describamus.</strong></span> <span class='ocrx_word' id='word_1_145' title='bbox 549 2113 586 2181; x_wconf 86' lang='lat' dir='ltr'><strong>ln</strong></span> <span class='ocrx_word' id='word_1_146' title='bbox 610 2113 749 2178; x_wconf 80' lang='lat' dir='ltr'><strong>convalli</strong></span> <span class='ocrx_word' id='word_1_147' title='bbox 770 2117 877 2200; x_wconf 88' lang='lat' dir='ltr'><strong>itaque</strong></span> <span class='ocrx_word' id='word_1_148' title='bbox 901 2119 983 2182; x_wconf 90' lang='lat' dir='ltr'><strong>inter</strong></span> <span class='ocrx_word' id='word_1_149' title='bbox 1000 2119 1147 2182; x_wconf 86' lang='lat' dir='ltr'><strong>Prionem</strong></span> <span class='ocrx_word' id='word_1_150' title='bbox 1172 2127 1204 2181; x_wconf 88' lang='lat' dir='ltr'><strong>et</strong></span> <span class='ocrx_word' id='word_1_151' title='bbox 1221 2116 1338 2182; x_wconf 86' lang='lat' dir='ltr'><strong>Cores-</strong></span> 
     </span>
     <span class='ocr_line' id='line_1_19' title="bbox 281 2217 1336 2306; baseline -0.001 -21"><span class='ocrx_word' id='word_1_152' title='bbox 281 2237 349 2285; x_wconf 85' lang='lat' dir='ltr'><strong>sum</strong></span> <span class='ocrx_word' id='word_1_153' title='bbox 366 2217 623 2303; x_wconf 86' lang='lat' dir='ltr'><strong>Gymnasium</strong></span> <span class='ocrx_word' id='word_1_154' title='bbox 646 2219 787 2304; x_wconf 87' lang='lat' dir='ltr'><strong>inprimis</strong></span> <span class='ocrx_word' id='word_1_155' title='bbox 809 2220 983 2286; x_wconf 87' lang='lat' dir='ltr'><strong>notandum</strong></span> <span class='ocrx_word' id='word_1_156' title='bbox 1001 2233 1048 2286; x_wconf 90' lang='lat' dir='ltr'><strong>est</strong></span> <span class='ocrx_word' id='word_1_157' title='bbox 1064 2223 1156 2300; x_wconf 86' lang='grc'><strong>(10),</strong></span> <span class='ocrx_word' id='word_1_158' title='bbox 1179 2219 1220 2284; x_wconf 90' lang='lat' dir='ltr'><strong>ad</strong></span> <span class='ocrx_word' id='word_1_159' title='bbox 1236 2223 1336 2306; x_wconf 89' lang='lat' dir='ltr'><strong>ipsius</strong></span> 
     </span>
     <span class='ocr_line' id='line_1_20' title="bbox 281 2320 1336 2399; baseline 0.002 -13"><span class='ocrx_word' id='word_1_160' title='bbox 281 2322 405 2387; x_wconf 90' lang='lat' dir='ltr'><strong>Prionis</strong></span> <span class='ocrx_word' id='word_1_161' title='bbox 434 2320 558 2385; x_wconf 89' lang='lat' dir='ltr'><strong>radices</strong></span> <span class='ocrx_word' id='word_1_162' title='bbox 587 2325 679 2386; x_wconf 87' lang='lat' dir='ltr'><strong>situm</strong></span> <span class='ocrx_word' id='word_1_163' title='bbox 710 2333 741 2385; x_wconf 93' lang='lat' dir='ltr'><strong>et</strong></span> <span class='ocrx_word' id='word_1_164' title='bbox 770 2334 872 2388; x_wconf 86' lang='lat' dir='ltr'><strong>aetate</strong></span> <span class='ocrx_word' id='word_1_165' title='bbox 902 2324 968 2387; x_wconf 90' lang='lat' dir='ltr'><strong>lere</strong></span> <span class='ocrx_word' id='word_1_166' title='bbox 999 2325 1109 2390; x_wconf 90' lang='lat' dir='ltr'><strong>eadem</strong></span> <span class='ocrx_word' id='word_1_167' title='bbox 1138 2334 1336 2399; x_wconf 84' lang='lat' dir='ltr'><strong>exstructum,</strong></span> 
     </span>
     <span class='ocr_line' id='line_1_21' title="bbox 281 2423 1337 2510; baseline 0.002 -20"><span class='ocrx_word' id='word_1_168' title='bbox 281 2447 342 2510; x_wconf 86' lang='lat' dir='ltr'><strong>qua</strong></span> <span class='ocrx_word' id='word_1_169' title='bbox 373 2423 449 2490; x_wconf 89' lang='lat' dir='ltr'><strong>urbs</strong></span> <span class='ocrx_word' id='word_1_170' title='bbox 467 2425 653 2510; x_wconf 81' lang='lat' dir='ltr'><strong>Lysimachi</strong></span> <span class='ocrx_word' id='word_1_171' title='bbox 683 2425 811 2492; x_wconf 85' lang='lat' dir='ltr'><strong>condita</strong></span> <span class='ocrx_word' id='word_1_172' title='bbox 840 2437 888 2495; x_wconf 82' lang='lat' dir='ltr'><strong>est</strong></span> <span class='ocrx_word' id='word_1_173' title='bbox 917 2430 1007 2508; x_wconf 89' lang='lat' dir='ltr'><strong>(Hirt</strong></span> <span class='ocrx_word' id='word_1_174' title='bbox 1030 2429 1145 2494; x_wconf 85' lang='lat' dir='ltr'><strong>Gesch.</strong></span> <span class='ocrx_word' id='word_1_175' title='bbox 1176 2426 1233 2492; x_wconf 89' lang='lat' dir='ltr'><strong>der</strong></span> <span class='ocrx_word' id='word_1_176' title='bbox 1255 2429 1337 2492; x_wconf 90' lang='lat' dir='ltr'><strong>Bau-</strong></span> 
     </span>
     <span class='ocr_line' id='line_1_22' title="bbox 279 2527 1337 2617; baseline 0.006 -27"><span class='ocrx_word' id='word_1_177' title='bbox 279 2527 377 2594; x_wconf 84' lang='lat' dir='ltr'><strong>kunst</strong></span> <span class='ocrx_word' id='word_1_178' title='bbox 398 2528 436 2606; x_wconf 93' lang='lat'><strong>11,</strong></span> <span class='ocrx_word' id='word_1_179' title='bbox 458 2552 489 2614; x_wconf 92' lang='lat' dir='ltr'><strong>p.</strong></span> <span class='ocrx_word' id='word_1_180' title='bbox 516 2531 608 2608; x_wconf 81' lang='lat'><strong>160).</strong></span> <span class='ocrx_word' id='word_1_181' title='bbox 653 2529 726 2595; x_wconf 88' lang='lat' dir='ltr'><strong>Hoc</strong></span> <span class='ocrx_word' id='word_1_182' title='bbox 746 2528 925 2597; x_wconf 86' lang='lat' dir='ltr'><strong>describere</strong></span> <span class='ocrx_word' id='word_1_183' title='bbox 948 2554 988 2598; x_wconf 91' lang='lat' dir='ltr'><strong>eo</strong></span> <span class='ocrx_word' id='word_1_184' title='bbox 1012 2531 1170 2598; x_wconf 81' lang='lat' dir='ltr'><strong>lubentius</strong></span> <span class='ocrx_word' id='word_1_185' title='bbox 1193 2553 1337 2617; x_wconf 88' lang='lat' dir='ltr'><strong>superse·</strong></span> 
     </span>
    </p>
   </div>
   <div class='ocr_carea' id='block_1_5' title="bbox 281 2629 1448 2722">
    <p class='ocr_par' dir='ltr' id='par_1_6' title="bbox 281 2629 1448 2722">
     <span class='ocr_line' id='line_1_23' title="bbox 281 2629 1448 2722; baseline 0.003 -26"><span class='ocrx_word' id='word_1_186' title='bbox 281 2629 352 2706; x_wconf 86' lang='lat' dir='ltr'><strong>deo,</strong></span> <span class='ocrx_word' id='word_1_187' title='bbox 377 2651 441 2714; x_wconf 91' lang='lat' dir='ltr'><strong>quo</strong></span> <span class='ocrx_word' id='word_1_188' title='bbox 465 2633 639 2697; x_wconf 82' lang='lat' dir='ltr'><strong>accuratius</strong></span> <span class='ocrx_word' id='word_1_189' title='bbox 661 2635 723 2716; x_wconf 82' lang='lat' dir='ltr'><strong>jam</strong></span> <span class='ocrx_word' id='word_1_190' title='bbox 739 2633 778 2696; x_wconf 92' lang='lat' dir='ltr'><strong>ab</strong></span> <span class='ocrx_word' id='word_1_191' title='bbox 796 2633 863 2698; x_wconf 89' lang='lat' dir='ltr'><strong>aliis</strong></span> <span class='ocrx_word' id='word_1_192' title='bbox 880 2635 1070 2722; x_wconf 85' lang='lat' dir='ltr'><strong>descriptum</strong></span> <span class='ocrx_word' id='word_1_193' title='bbox 1087 2647 1135 2700; x_wconf 89' lang='lat' dir='ltr'><strong>est</strong></span> <span class='ocrx_word' id='word_1_194' title='bbox 1151 2645 1182 2700; x_wconf 88' lang='lat' dir='ltr'><strong>et</strong></span> <span class='ocrx_word' id='word_1_195' title='bbox 1197 2635 1338 2700; x_wconf 88' lang='lat' dir='ltr'><strong>delinea-</strong></span> <span class='ocrx_word' id='word_1_196' title='bbox 1447 2679 1448 2688; x_wconf 65' lang='lat'><strong>.</strong></span> 
     </span>
    </p>
   </div>
   <div class='ocr_carea' id='block_1_6' title="bbox 279 2697 1448 2936">
    <p class='ocr_par' dir='ltr' id='par_1_7' title="bbox 279 2697 1448 2936">
     <span class='ocr_line' id='line_1_24' title="bbox 281 2697 1448 2826; baseline 0.006 -28"><span class='ocrx_word' id='word_1_197' title='bbox 281 2743 347 2800; x_wconf 74' lang='lat' dir='ltr'><strong>tum</strong></span> <span class='ocrx_word' id='word_1_198' title='bbox 378 2735 471 2812; x_wconf 68' lang='lat' dir='ltr'><strong>&lt;nni</strong></span> <span class='ocrx_word' id='word_1_199' title='bbox 492 2732 514 2796; x_wconf 90' lang='lat'><strong>1.</strong></span> <span class='ocrx_word' id='word_1_200' title='bbox 537 2733 558 2798; x_wconf 90' lang='lat'><strong>1.</strong></span> <span class='ocrx_word' id='word_1_201' title='bbox 581 2734 645 2801; x_wconf 73' lang='lat' dir='ltr'><strong>tas.</strong></span> <span class='ocrx_word' id='word_1_202' title='bbox 661 2737 811 2813; x_wconf 67' lang='lat' dir='ltr'><strong>arvei.</strong></span> <span class='ocrx_word' id='word_1_203' title='bbox 858 2727 1011 2825; x_wconf 76' lang='lat' dir='ltr'><strong>antiquit.</strong></span> <span class='ocrx_word' id='word_1_204' title='bbox 1035 2741 1104 2804; x_wconf 87' lang='lat' dir='ltr'><strong>lon.</strong></span> <span class='ocrx_word' id='word_1_205' title='bbox 1127 2765 1159 2826; x_wconf 81' lang='lat' dir='ltr'><strong>p.</strong></span> <span class='ocrx_word' id='word_1_206' title='bbox 1174 2742 1249 2818; x_wconf 75' lang='lat' dir='ltr'><strong>aas,</strong></span> <span class='ocrx_word' id='word_1_207' title='bbox 1272 2740 1334 2806; x_wconf 69' lang='lat' dir='ltr'><strong>tas.</strong></span> <span class='ocrx_word' id='word_1_208' title='bbox 1447 2697 1448 2700; x_wconf 5' lang='grc' dir='ltr'>Ὺ</span> 
     </span>
     <span class='ocr_line' id='line_1_25' title="bbox 279 2836 1448 2936; baseline 0.009 -38"><span class='ocrx_word' id='word_1_209' title='bbox 279 2837 418 2900; x_wconf 86' lang='lat' dir='ltr'>XXXIX.</span> <span class='ocrx_word' id='word_1_210' title='bbox 440 2837 525 2914; x_wconf 87' lang='lat' dir='ltr'><strong>XL).</strong></span> <span class='ocrx_word' id='word_1_211' title='bbox 587 2836 795 2920; x_wconf 84' lang='lat' dir='ltr'><strong>Gymnasium</strong></span> <span class='ocrx_word' id='word_1_212' title='bbox 826 2846 968 2928; x_wconf 87' lang='lat' dir='ltr'><strong>sequitur</strong></span> <span class='ocrx_word' id='word_1_213' title='bbox 995 2843 1145 2908; x_wconf 86' lang='lat' dir='ltr'><strong>sacellum</strong></span> <span class='ocrx_word' id='word_1_214' title='bbox 1174 2840 1335 2928; x_wconf 83' lang='lat' dir='ltr'><strong>qboddam</strong></span> <span class='ocrx_word' id='word_1_215' title='bbox 1447 2931 1448 2936; x_wconf 8' lang='grc' dir='ltr'>ἵ</span> 
     </span>
    </p>
   </div>
   <div class='ocr_carea' id='block_1_7' title="bbox 279 2936 1336 3338">
    <p class='ocr_par' dir='ltr' id='par_1_8' title="bbox 279 2936 1336 3338">
     <span class='ocr_line' id='line_1_26' title="bbox 280 2936 1335 3036; baseline 0.009 -35"><span class='ocrx_word' id='word_1_216' title='bbox 280 2939 347 3001; x_wconf 87' lang='lat' dir='ltr'><strong>sive</strong></span> <span class='ocrx_word' id='word_1_217' title='bbox 375 2939 508 3021; x_wconf 79' lang='grc' dir='ltr'><strong><em>τέμενος</em></strong></span> <span class='ocrx_word' id='word_1_218' title='bbox 535 2936 629 3003; x_wconf 88' lang='lat' dir='ltr'><strong>valde</strong></span> <span class='ocrx_word' id='word_1_219' title='bbox 658 2943 820 3026; x_wconf 88' lang='lat' dir='ltr'><strong>antiquum</strong></span> <span class='ocrx_word' id='word_1_220' title='bbox 849 2947 884 3010; x_wconf 92' lang='lat' dir='ltr'><strong>in</strong></span> <span class='ocrx_word' id='word_1_221' title='bbox 911 2949 981 3032; x_wconf 90' lang='lat' dir='ltr'><strong>ipso</strong></span> <span class='ocrx_word' id='word_1_222' title='bbox 1011 2948 1117 3036; x_wconf 87' lang='lat' dir='ltr'><strong>lapide</strong></span> <span class='ocrx_word' id='word_1_223' title='bbox 1144 2957 1335 3024; x_wconf 82' lang='lat' dir='ltr'><strong>excavatum,</strong></span> 
     </span>
     <span class='ocr_line' id='line_1_27' title="bbox 280 3039 1336 3139; baseline 0.007 -31"><span class='ocrx_word' id='word_1_224' title='bbox 280 3043 443 3129; x_wconf 79' lang='lat' dir='ltr'><strong>octoginta</strong></span> <span class='ocrx_word' id='word_1_225' title='bbox 465 3039 565 3128; x_wconf 89' lang='lat' dir='ltr'><strong>pedes</strong></span> <span class='ocrx_word' id='word_1_226' title='bbox 588 3054 621 3111; x_wconf 89' lang='lat' dir='ltr'><strong>et</strong></span> <span class='ocrx_word' id='word_1_227' title='bbox 642 3041 775 3132; x_wconf 80' lang='lat' dir='ltr'><strong>longum</strong></span> <span class='ocrx_word' id='word_1_228' title='bbox 805 3056 838 3114; x_wconf 86' lang='lat' dir='ltr'><strong>et</strong></span> <span class='ocrx_word' id='word_1_229' title='bbox 865 3047 987 3138; x_wconf 86' lang='lat' dir='ltr'><strong>largum</strong></span> <span class='ocrx_word' id='word_1_230' title='bbox 1012 3073 1112 3139; x_wconf 85' lang='lat' dir='ltr'><strong>eaque</strong></span> <span class='ocrx_word' id='word_1_231' title='bbox 1141 3053 1230 3129; x_wconf 89' lang='lat' dir='ltr'><strong>lacie,</strong></span> <span class='ocrx_word' id='word_1_232' title='bbox 1254 3073 1336 3135; x_wconf 88' lang='lat' dir='ltr'><strong>quae</strong></span> 
     </span>
     <span class='ocr_line' id='line_1_28' title="bbox 280 3145 1336 3238; baseline 0.009 -29"><span class='ocrx_word' id='word_1_233' title='bbox 280 3145 321 3210; x_wconf 92' lang='lat' dir='ltr'><strong>ad</strong></span> <span class='ocrx_word' id='word_1_234' title='bbox 344 3145 472 3212; x_wconf 88' lang='lat' dir='ltr'><strong>Odeum</strong></span> <span class='ocrx_word' id='word_1_235' title='bbox 494 3157 630 3232; x_wconf 91' lang='lat' dir='ltr'><strong>spectat,</strong></span> <span class='ocrx_word' id='word_1_236' title='bbox 659 3149 760 3216; x_wconf 89' lang='lat' dir='ltr'><strong>tribus</strong></span> <span class='ocrx_word' id='word_1_237' title='bbox 789 3154 924 3220; x_wconf 88' lang='lat' dir='ltr'><strong>arcubus</strong></span> <span class='ocrx_word' id='word_1_238' title='bbox 953 3167 1097 3222; x_wconf 88' lang='lat' dir='ltr'><strong>ornatum</strong></span> <span class='ocrx_word' id='word_1_239' title='bbox 1121 3157 1215 3238; x_wconf 90' lang='lat' dir='ltr'><strong>(ll).</strong></span> <span class='ocrx_word' id='word_1_240' title='bbox 1262 3157 1336 3220; x_wconf 87' lang='lat' dir='ltr'><strong>Hoc</strong></span> 
     </span>
     <span class='ocr_line' id='line_1_29' title="bbox 279 3249 1335 3338; baseline 0.009 -22"><span class='ocrx_word' id='word_1_241' title='bbox 279 3249 431 3316; x_wconf 89' lang='lat' dir='ltr'><strong>Odeum</strong></span> <span class='ocrx_word' id='word_1_242' title='bbox 461 3253 577 3338; x_wconf 85' lang='lat' dir='ltr'><strong>excipit</strong></span> <span class='ocrx_word' id='word_1_243' title='bbox 604 3257 638 3318; x_wconf 90' lang='lat' dir='ltr'><strong>in</strong></span> <span class='ocrx_word' id='word_1_244' title='bbox 666 3255 764 3338; x_wconf 87' lang='lat' dir='ltr'><strong>ipsius</strong></span> <span class='ocrx_word' id='word_1_245' title='bbox 793 3263 909 3324; x_wconf 87' lang='lat' dir='ltr'><strong>mentis</strong></span> <span class='ocrx_word' id='word_1_246' title='bbox 932 3260 1109 3328; x_wconf 88' lang='lat' dir='ltr'><strong>acclivitate</strong></span> <span class='ocrx_word' id='word_1_247' title='bbox 1133 3257 1335 3324; x_wconf 83' lang='lat' dir='ltr'><strong>aedificatum</strong></span> 
     </span>
    </p>
   </div>
   <div class='ocr_carea' id='block_1_8' title="bbox 348 3491 1334 3574">
    <p class='ocr_par' dir='ltr' id='par_1_9' title="bbox 348 3491 1334 3574">
     <span class='ocr_line' id='line_1_30' title="bbox 348 3491 1334 3574; baseline 0.014 -29"><span class='ocrx_word' id='word_1_248' title='bbox 348 3491 399 3559; x_wconf 88' lang='grc'><strong>(6)</strong></span> <span class='ocrx_word' id='word_1_249' title='bbox 417 3497 555 3548; x_wconf 85' lang='lat' dir='ltr'><strong>Prolresch</strong></span> <span class='ocrx_word' id='word_1_250' title='bbox 572 3513 599 3561; x_wconf 90' lang='lat' dir='ltr'><strong>p.</strong></span> <span class='ocrx_word' id='word_1_251' title='bbox 620 3497 680 3550; x_wconf 81' lang='grc'><strong>104.</strong></span> <span class='ocrx_word' id='word_1_252' title='bbox 730 3496 782 3566; x_wconf 83' lang='grc'><strong>(7)</strong></span> <span class='ocrx_word' id='word_1_253' title='bbox 801 3497 927 3550; x_wconf 82' lang='lat' dir='ltr'><strong>Murallle</strong></span> <span class='ocrx_word' id='word_1_254' title='bbox 946 3495 1103 3564; x_wconf 76' lang='lat' dir='ltr'><strong>quis’dtend</strong></span> <span class='ocrx_word' id='word_1_255' title='bbox 1122 3498 1160 3556; x_wconf 80' lang='lat' dir='ltr'><strong>au</strong></span> <span class='ocrx_word' id='word_1_256' title='bbox 1170 3505 1245 3574; x_wconf 83' lang='lat' dir='ltr'><strong>midi,</strong></span> <span class='ocrx_word' id='word_1_257' title='bbox 1264 3521 1334 3559; x_wconf 88' lang='lat' dir='ltr'><strong>cen-</strong></span> 
     </span>
    </p>
   </div>
   <div class='ocr_carea' id='block_1_9' title="bbox 277 3571 1448 3911">
    <p class='ocr_par' dir='ltr' id='par_1_10' title="bbox 277 3571 1448 3911">
     <span class='ocr_line' id='line_1_31' title="bbox 279 3571 1448 3656; baseline 0.015 -24"><span class='ocrx_word' id='word_1_258' title='bbox 279 3580 413 3632; x_wconf 84' lang='lat' dir='ltr'><strong>tiuuatien</strong></span> <span class='ocrx_word' id='word_1_259' title='bbox 432 3583 465 3632; x_wconf 87' lang='lat' dir='ltr'><strong>de</strong></span> <span class='ocrx_word' id='word_1_260' title='bbox 484 3584 555 3634; x_wconf 85' lang='lat' dir='ltr'><strong>celle</strong></span> <span class='ocrx_word' id='word_1_261' title='bbox 573 3587 608 3635; x_wconf 81' lang='lat' dir='ltr'><strong>du</strong></span> <span class='ocrx_word' id='word_1_262' title='bbox 622 3591 698 3637; x_wconf 82' lang='lat' dir='ltr'><strong>mont</strong></span> <span class='ocrx_word' id='word_1_263' title='bbox 710 3583 799 3651; x_wconf 69' lang='lat' dir='ltr'><strong>nepta</strong></span> <span class='ocrx_word' id='word_1_264' title='bbox 811 3587 937 3638; x_wconf 81' lang='lat' dir='ltr'><strong>Pocceke</strong></span> <span class='ocrx_word' id='word_1_265' title='bbox 954 3571 1037 3649; x_wconf 68' lang='lat' dir='ltr'><strong>nbi.</strong></span> <span class='ocrx_word' id='word_1_266' title='bbox 1072 3589 1114 3640; x_wconf 88' lang='lat' dir='ltr'><strong>De</strong></span> <span class='ocrx_word' id='word_1_267' title='bbox 1127 3596 1207 3656; x_wconf 73' lang='lat' dir='ltr'><strong>porta</strong></span> <span class='ocrx_word' id='word_1_268' title='bbox 1219 3592 1334 3646; x_wconf 79' lang='lat' dir='ltr'><strong>cnaudl.</strong></span> <span class='ocrx_word' id='word_1_269' title='bbox 1447 3619 1448 3650; x_wconf 65' lang='lat' dir='ltr'><strong>r</strong></span> 
     </span>
     <span class='ocr_line' id='line_1_32' title="bbox 277 3662 1448 3744; baseline 0.016 -30"><span class='ocrx_word' id='word_1_270' title='bbox 277 3680 304 3728; x_wconf 90' lang='lat' dir='ltr'><strong>p.</strong></span> <span class='ocrx_word' id='word_1_271' title='bbox 324 3662 384 3715; x_wconf 78' lang='grc'><strong>176.</strong></span> <span class='ocrx_word' id='word_1_272' title='bbox 403 3668 473 3718; x_wconf 83' lang='lat' dir='ltr'><strong>Fell.</strong></span> <span class='ocrx_word' id='word_1_273' title='bbox 568 3664 619 3734; x_wconf 84' lang='lat'><strong>(8)</strong></span> <span class='ocrx_word' id='word_1_274' title='bbox 637 3673 774 3724; x_wconf 83' lang='lat' dir='ltr'><strong>Prokesclr</strong></span> <span class='ocrx_word' id='word_1_275' title='bbox 788 3690 814 3736; x_wconf 91' lang='lat' dir='ltr'><strong>p.</strong></span> <span class='ocrx_word' id='word_1_276' title='bbox 828 3672 888 3724; x_wconf 83' lang='lat'><strong>103.</strong></span> <span class='ocrx_word' id='word_1_277' title='bbox 982 3670 1035 3740; x_wconf 89' lang='grc'><strong>(9)</strong></span> <span class='ocrx_word' id='word_1_278' title='bbox 1054 3675 1177 3740; x_wconf 84' lang='lat' dir='ltr'><strong>Kiepert.</strong></span> <span class='ocrx_word' id='word_1_279' title='bbox 1261 3675 1333 3744; x_wconf 82' lang='lat' dir='ltr'><strong>(w)</strong></span> <span class='ocrx_word' id='word_1_280' title='bbox 1447 3663 1448 3734; x_wconf 59' lang='lat' dir='ltr'>J</span> 
     </span>
     <span class='ocr_line' id='line_1_33' title="bbox 277 3754 1448 3826; baseline 0.014 -24"><span class='ocrx_word' id='word_1_281' title='bbox 277 3754 321 3804; x_wconf 79' lang='lat' dir='ltr'><strong>Au</strong></span> <span class='ocrx_word' id='word_1_282' title='bbox 338 3754 458 3804; x_wconf 84' lang='lat' dir='ltr'><strong>sud-est</strong></span> <span class='ocrx_word' id='word_1_283' title='bbox 476 3755 509 3805; x_wconf 87' lang='lat' dir='ltr'><strong>de</strong></span> <span class='ocrx_word' id='word_1_284' title='bbox 527 3755 555 3806; x_wconf 84' lang='lat' dir='ltr'><strong>la</strong></span> <span class='ocrx_word' id='word_1_285' title='bbox 572 3761 720 3822; x_wconf 80' lang='lat' dir='ltr'><strong>montagne</strong></span> <span class='ocrx_word' id='word_1_286' title='bbox 739 3762 864 3812; x_wconf 84' lang='lat' dir='ltr'><strong>Pococke</strong></span> <span class='ocrx_word' id='word_1_287' title='bbox 881 3775 908 3823; x_wconf 88' lang='lat' dir='ltr'><strong>p.</strong></span> <span class='ocrx_word' id='word_1_288' title='bbox 922 3757 966 3810; x_wconf 85' lang='lat'><strong>⁵3.</strong></span> <span class='ocrx_word' id='word_1_289' title='bbox 1003 3763 1119 3813; x_wconf 84' lang='lat' dir='ltr'><strong>Dallaw.</strong></span> <span class='ocrx_word' id='word_1_290' title='bbox 1138 3779 1164 3826; x_wconf 88' lang='lat' dir='ltr'><strong>p.</strong></span> <span class='ocrx_word' id='word_1_291' title='bbox 1182 3761 1247 3816; x_wconf 83' lang='grc'><strong>223.</strong></span> <span class='ocrx_word' id='word_1_292' title='bbox 1282 3767 1332 3816; x_wconf 86' lang='lat' dir='ltr'><strong>ln·</strong></span> <span class='ocrx_word' id='word_1_293' title='bbox 1447 3755 1448 3812; x_wconf 57' lang='grc' dir='ltr'><strong>Ῠ</strong></span> 
     </span>
     <span class='ocr_line' id='line_1_34' title="bbox 278 3827 1448 3911; baseline 0.016 -25"><span class='ocrx_word' id='word_1_294' title='bbox 278 3841 321 3890; x_wconf 79' lang='lat' dir='ltr'><strong>tra</strong></span> <span class='ocrx_word' id='word_1_295' title='bbox 336 3851 441 3890; x_wconf 85' lang='lat' dir='ltr'><strong>murum</strong></span> <span class='ocrx_word' id='word_1_296' title='bbox 460 3839 542 3892; x_wconf 78' lang='lat' dir='ltr'><strong>situm</strong></span> <span class='ocrx_word' id='word_1_297' title='bbox 560 3847 604 3894; x_wconf 79' lang='lat' dir='ltr'><strong>eut</strong></span> <span class='ocrx_word' id='word_1_298' title='bbox 621 3838 751 3907; x_wconf 75' lang='lat' dir='ltr'><strong>(Chardi.</strong></span> <span class='ocrx_word' id='word_1_299' title='bbox 769 3861 795 3909; x_wconf 87' lang='lat' dir='ltr'><strong>p.</strong></span> <span class='ocrx_word' id='word_1_300' title='bbox 815 3841 884 3911; x_wconf 80' lang='grc'><strong>176)</strong></span> <span class='ocrx_word' id='word_1_301' title='bbox 905 3851 934 3898; x_wconf 84' lang='lat' dir='ltr'><strong>et</strong></span> <span class='ocrx_word' id='word_1_302' title='bbox 951 3848 1101 3910; x_wconf 80' lang='lat' dir='ltr'><strong>porticibus</strong></span> <span class='ocrx_word' id='word_1_303' title='bbox 1118 3851 1236 3902; x_wconf 79' lang='lat' dir='ltr'><strong>cinctum</strong></span> <span class='ocrx_word' id='word_1_304' title='bbox 1256 3853 1333 3903; x_wconf 80' lang='lat' dir='ltr'><strong>Pon·</strong></span> <span class='ocrx_word' id='word_1_305' title='bbox 1447 3827 1448 3892; x_wconf 63' lang='grc' dir='ltr'>Ῐ</span> 
     </span>
    </p>
   </div>
   <div class='ocr_carea' id='block_1_10' title="bbox 271 3919 1332 3997">
    <p class='ocr_par' dir='ltr' id='par_1_11' title="bbox 271 3919 1332 3997">
     <span class='ocr_line' id='line_1_35' title="bbox 271 3919 1332 3997; baseline 0.014 -25"><span class='ocrx_word' id='word_1_306' title='bbox 271 3919 343 3986; x_wconf 87' lang='lat' dir='ltr'><strong>jnul.</strong></span> <span class='ocrx_word' id='word_1_307' title='bbox 365 3938 393 3986; x_wconf 81' lang='lat' dir='ltr'><strong>p.</strong></span> <span class='ocrx_word' id='word_1_308' title='bbox 415 3921 475 3976; x_wconf 83' lang='grc'><strong>289.</strong></span> <span class='ocrx_word' id='word_1_309' title='bbox 513 3925 624 3979; x_wconf 78' lang='lat' dir='ltr'><strong>Chardi.</strong></span> <span class='ocrx_word' id='word_1_310' title='bbox 646 3943 673 3992; x_wconf 85' lang='lat' dir='ltr'><strong>p.</strong></span> <span class='ocrx_word' id='word_1_311' title='bbox 697 3929 757 3982; x_wconf 86' lang='grc'><strong>172.</strong></span> <span class='ocrx_word' id='word_1_312' title='bbox 794 3933 1065 3997; x_wconf 65' lang='lat' dir='ltr'><strong>Prorumplm.</strong></span> <span class='ocrx_word' id='word_1_313' title='bbox 1090 3934 1150 3987; x_wconf 87' lang='grc'><strong>126.</strong></span> <span class='ocrx_word' id='word_1_314' title='bbox 1192 3939 1246 3987; x_wconf 81' lang='lat' dir='ltr'><strong>Pro</strong></span> <span class='ocrx_word' id='word_1_315' title='bbox 1264 3937 1332 3987; x_wconf 78' lang='lat' dir='ltr'><strong>villa</strong></span> 
     </span>
    </p>
   </div>
   <div class='ocr_carea' id='block_1_11' title="bbox 275 4005 1332 4166">
    <p class='ocr_par' dir='ltr' id='par_1_12' title="bbox 275 4005 1332 4166">
     <span class='ocr_line' id='line_1_36' title="bbox 275 4005 1332 4088; baseline 0.016 -31"><span class='ocrx_word' id='word_1_316' title='bbox 275 4005 451 4078; x_wconf 64' lang='lat' dir='ltr'><strong>imperatoria</strong></span> <span class='ocrx_word' id='word_1_317' title='bbox 473 4013 580 4075; x_wconf 85' lang='lat' dir='ltr'><strong>accepit</strong></span> <span class='ocrx_word' id='word_1_318' title='bbox 602 4016 733 4068; x_wconf 79' lang='lat' dir='ltr'><strong>Fellows.</strong></span> <span class='ocrx_word' id='word_1_319' title='bbox 841 4014 910 4085; x_wconf 89' lang='lat' dir='ltr'><strong>(ll)</strong></span> <span class='ocrx_word' id='word_1_320' title='bbox 933 4023 992 4072; x_wconf 81' lang='lat' dir='ltr'><strong>Hoc</strong></span> <span class='ocrx_word' id='word_1_321' title='bbox 1014 4021 1140 4074; x_wconf 78' lang='lat' dir='ltr'><strong>videnum</strong></span> <span class='ocrx_word' id='word_1_322' title='bbox 1162 4023 1277 4088; x_wconf 76' lang='lat' dir='ltr'><strong>ntepert</strong></span> <span class='ocrx_word' id='word_1_323' title='bbox 1302 4028 1332 4074; x_wconf 85' lang='lat' dir='ltr'><strong>et</strong></span> 
     </span>
     <span class='ocr_line' id='line_1_37' title="bbox 275 4093 1288 4166; baseline 0.018 -21"><span class='ocrx_word' id='word_1_324' title='bbox 275 4093 417 4148; x_wconf 85' lang='lat' dir='ltr'><strong>Walckcr.</strong></span> <span class='ocrx_word' id='word_1_325' title='bbox 454 4096 695 4166; x_wconf 66' lang='lat' dir='ltr'><strong>cemorensis.</strong></span> <span class='ocrx_word' id='word_1_326' title='bbox 715 4101 776 4156; x_wconf 76' lang='lat'><strong>125.</strong></span> <span class='ocrx_word' id='word_1_327' title='bbox 1283 4129 1288 4138; x_wconf 86' lang='lat'><em>·</em></span> 
     </span>
    </p>
   </div>
   <div class='ocr_carea' id='block_1_12' title="bbox 0 0 1460 4726">
    <p class='ocr_par' dir='ltr' id='par_1_13' title="bbox 0 0 1460 4726">
     <span class='ocr_line' id='line_1_38' title="bbox 0 0 1460 4726; baseline 0 1"><span class='ocrx_word' id='word_1_328' title='bbox 0 0 1460 4726; x_wconf 95' lang='lat' dir='ltr'><strong> </strong></span> 
     </span>
    </p>
   </div>
  </div>
 </body>
</html>
