2916 4722
268 277 338 350 114

266 463 294 549 §.
312 463 362 542 13,
386 461 447 542 V),
469 462 515 527 sic
538 479 665 545 quoque
688 461 721 522 in
743 461 842 545 ipsius
857 458 983 522 Dianae
1000 457 1156 522 honorem
1179 455 1323 523 celebra-

267 567 385 632 bantur
401 565 462 644 ¹⁸),
491 572 645 649 quatenus
675 560 802 647 quidem
826 583 895 626 eum
919 563 1110 646 Proserpina
1133 571 1324 646 aequaretur

268 669 328 751 (cl.
351 667 380 754 §.
400 669 430 745 8,
452 668 491 746 11,
508 669 624 747 12εε.)
646 664 725 730 nihil
748 665 816 730 lere
839 673 971 742 constat,
993 666 1055 729 nisi
1077 662 1164 749 qnod
1187 675 1324 750 propter

269 772 425 838 larvarum
447 791 537 836 usum
557 771 603 851 ¹⁹)
625 790 769 856 magnam
796 789 866 832 oum
888 767 1000 834 ritibus
1023 767 1185 832 Bacebieis
1208 769 1270 848 (of.
1294 769 1322 854 ᾗ.

271 878 322 955 12,
343 897 374 938 ιι.
397 875 460 954 XI)
483 871 717 939 similitudinem
740 871 928 936 babuerunt.

358 977 411 1042 Ad
433 975 624 1064 singularem
654 996 753 1062 porro
776 975 901 1039 Dianae
925 973 1081 1060 Ephesiae
1108 972 1210 1040 cultus
1234 985 1324 1040 natu-

269 1104 335 1146 ram
357 1080 437 1146 illud
465 1101 593 1166 quoque
621 1081 759 1165 pertinet
788 1076 874 1162 qnod
897 1076 1095 1142 simulacrum
1118 1078 1210 1143 Deae
1233 1089 1323 1144 certo

269 1195 413 1271 tempore
436 1193 588 1269 carpento
613 1203 630 1246 a
652 1179 745 1246 mulis
768 1190 870 1245 tracto
886 1190 981 1266 atque
1004 1183 1037 1244 in
1053 1179 1161 1266 templi
1184 1185 1323 1267 speeiem

270 1288 471 1354 conformato
486 1307 545 1372 per
558 1283 669 1350 urbem
683 1284 859 1350 vehebatur
873 1285 931 1365 ²⁰),
955 1294 987 1348 et
1000 1287 1033 1348 in
1048 1286 1231 1350 universum
1246 1307 1324 1351 neo-

269 1401 365 1479 poeia
386 1388 555 1456 referenda
585 1397 646 1464 est3
677 1409 748 1452 nam
779 1397 811 1452 et
839 1387 956 1476 singuli
984 1386 1135 1474 templum
1158 1388 1250 1454 Deae
1274 1411 1324 1454 or-

269 1505 400 1575 narunt,
421 1502 651 1570 restaurarunt,
673 1491 906 1578 amplificarunt
921 1492 970 1574 ²¹)
996 1501 1029 1556 et
1049 1493 1205 1558 universis
1227 1493 1325 1557 tribu-

269 1598 345 1678 bus,
373 1599 512 1664 muneris
534 1595 673 1683 liturgici
694 1599 808 1673 instar,
837 1605 926 1662 corto
949 1593 1086 1679 quodam
1110 1593 1224 1660 ordine
1245 1597 1325 1660 baec

162 1780 167 1788 Ι
272 1724 345 1768 cura
368 1703 516 1787 imposita
538 1700 665 1765 videtur
679 1700 737 1780 ²²).

256 1847 259 1857 -
325 1887 327 1892 Ι
358 1806 451 1889 Quae
474 1825 570 1889 quum
593 1805 698 1868 omnia
728 1823 793 1866 uno
815 1811 1063 1866 neocoratus
1086 1805 1216 1868 nomine
1240 1823 1324 1866 com-

270 1908 427 1993 prehensa
450 1906 591 1982 fuissent,
613 1927 714 1990 pauca
736 1908 798 1991 jam
822 1904 862 1969 de
884 1903 948 1967 boe
962 1904 1056 1969 titulo
1072 1904 1251 1992 adjicienda
1266 1927 1324 1970 no·

269 2009 320 2074 bis
341 2007 499 2074 videntur.
543 2009 617 2072 lloo
645 2011 729 2072 enim
757 2011 887 2073 nomine
915 2010 1136 2093 antiquissimis
1162 2013 1225 2096 jam
1248 2019 1325 2074 tem·

268 2111 402 2198 poribus
426 2111 571 2176 dicarunt
592 2133 662 2177 sese
684 2111 810 2176 Dianae
831 2111 961 2197 Ephesii
983 2121 1078 2196 atque
1100 2113 1174 2176 bino
1188 2100 1245 2178 se
1264 2135 1324 2199 pro

268 2209 443 2303 νεωκόροις
464 2219 564 2301 ipsius
585 2235 715 2303 gessere
744 2214 919 2301 urbemque
948 2237 1035 2280 suam
1064 2211 1227 2302 νεωκόρον
1249 2217 1326 2281 Dia-

269 2341 330 2384 nae
353 2318 555 2404 appellarunt
569 2320 630 2399 18).
675 2311 774 2402 Quod
800 2339 933 2399 nomen,
962 2341 1056 2404 quum
1086 2319 1125 2384 ab
1155 2321 1247 2384 initio
1270 2322 1325 2386 bu-

270 2422 344 2486 mile
367 2431 488 2486 tautum
511 2423 623 2488 fuisset
638 2423 696 2502 ²⁴),
717 2432 831 2507 postea
853 2432 958 2486 tamen
981 2442 1102 2485 summo
1119 2422 1236 2486 honori
1255 2445 1324 2488 esse

271 2523 461 2589 censebatur
484 2535 516 2588 et
538 2535 694 2610 tamquam
718 2524 842 2603 titulus,
871 2545 935 2611 quo
964 2535 995 2590 et
1017 2529 1165 2590 sanctitas
1187 2530 1325 2592 numinis
1348 2541 1350 2546 '

271 2637 304 2690 et
325 2624 450 2689 urbium
472 2625 625 2711 splendor
652 2637 746 2711 atque
776 2631 946 2692 auotoritas
968 2627 1213 2716 significaretur,
1244 2653 1325 2696 sum·

252 2731 329 2807 *mis
352 2728 529 2793 civitatibus
552 2727 692 2793 additum
716 2740 772 2794 est.

225 2920 229 2926 Ι
358 2831 580 2895 Neocorarurn
602 2841 706 2896 autem
728 2842 893 2917 praeterea
915 2833 1039 2899 urbium
1063 2845 1130 2900 erat
1152 2845 1184 2900 et
1205 2836 1325 2924 templa

273 2945 432 2998 exstruere
455 2945 488 2999 et
509 2934 609 3000 festos
632 2933 700 3008 dies
722 2939 756 2999 in
771 2936 914 3002 Deorum
939 2947 971 3003 et
985 2941 1200 3027 Augustorum
1222 2941 1326 3007 bono-

342 3126 394 3197 18)
409 3129 517 3202 Ἱέρειαν
534 3128 582 3200 ’τῆς
596 3126 756 3201 Ἀρτέμιδος
775 3158 807 3168 -
826 3137 993 3191 lavationum
1012 3133 1046 3186 τὰ
1058 3131 1187 3206 μυστήρια
1206 3136 1237 3188 C.
1257 3139 1279 3188 l.
1298 3151 1325 3189 n.

270 3215 351 3269 3002.
418 3213 470 3284 19)
487 3216 672 3290 Προσχήματα
686 3221 732 3286 μὲν
751 3219 855 3279 ἑαυτοῖς
872 3215 978 3292 ‹2719an]
997 3225 1191 3291 περιετίθεσαν,
1211 3221 1281 3292 πρὸς
1298 3224 1325 3274 δὲ

271 3301 300 3353 τ’
312 3302 349 3373 μὴ
357 3300 571 3372 ἐπιγινώσκεσθαι
583 3305 758 3374 προσωπείοις
771 3301 1015 3366 κατακαλύπτοντες
1023 3306 1059 3359 τὰ
1071 3306 1168 3360 ἑαυτῶν
1185 3303 1325 3378 πρόσωπα.

270 3390 386 3451 Martyr.
405 3392 568 3454 Syggrapba
586 3403 629 3452 ap.
648 3391 724 3441 Pbot.
744 3391 810 3442 Cod.
828 3390 896 3458 254,
919 3407 945 3454 11.
964 3392 1017 3445 468
1037 3397 1065 3444 Β.
1153 3389 1204 3458 20)
1222 3388 1326 3462 Ἀπήνη

271 3469 329 3541 ἱερά
347 3475 450 3526 Mionu.
470 3477 518 3542 lli,
536 3473 599 3527 328.
618 3473 679 3527 402.
698 3502 734 3512 -
752 3478 855 3528 Eekbel
872 3479 904 3528 D.
923 3481 955 3528 N.
974 3481 1009 3546 11,
1029 3479 1181 3542 p.517.v-
1201 3478 1325 3530 010111-

270 3557 326 3606 lim.
345 3557 424 3607 Dian.
444 3573 469 3608 v.
490 3559 539 3610 lll
565 3561 654 3625 ibique
673 3566 772 3627 sparh.
797 3567 825 3616 et
848 3566 880 3614 ad
904 3542 1021 3616 Lavabr.
1040 3567 1107 3616 nan.
1126 3581 1152 3616 v.
1170 3563 1196 3616 3.
1269 3559 1324 3628 21)

269 3642 354 3691 Index
372 3645 501 3695 νεωποιῶν
520 3646 550 3697 C.
569 3649 590 3697 l.
610 3661 636 3698 n.
654 3647 733 3700 2982.
752 3673 788 3686 -·
805 3647 954 3702 11112985
972 3649 1122 3718 νεωποὴσας
1141 3653 1325 3716 στεφανωθεὶς

270 3723 323 3778 ὑπὸ
341 3724 388 3794 τῆς
405 3730 500 3797 βουλῆς
517 3734 562 3783 καὶ
579 3730 733 3804 τοῦδήμοιι.
804 3730 859 3800 22)
878 3736 908 3788 0.
922 3739 942 3788 l.
956 3736 1094 3790 n.29568·
1130 3737 1184 3790 ΕΝ
1198 3737 1327 3790 TAYTH

270 3808 356 3878 (ΤΗΙ
371 3811 509 3881 ΦΥΛΗΙ)
526 3819 799 3874 ΕΝΕΟΠΟΙΗΣΕΝ
807 3824 860 3874 κτλ.
881 3823 922 3874 Cf.
933 3827 1023 3875 Herm.
1036 3828 1101 3876 Ant.
1112 3826 1158 3876 Gr·
1171 3817 1197 3889 §-
1216 3821 1277 3885 161,
1295 3838 1323 3886 p.

269 3897 331 3950 361.
344 3900 436 3952 nium.
453 3899 613 3956 295-297.
667 3903 719 3974 23)
738 3910 775 3959 V.
788 3910 848 3960 Dal.
868 3910 1043 3976 dissert.,lV‚
1064 3925 1089 3973 p.
1107 3907 1160 3961 330
1179 3923 1217 3960 ss.
1268 3905 1323 3972 24)

270 3985 361 4036 Tuom.
380 3987 514 4052 Magister
530 4005 553 4042 s.
573 4007 597 4042 ν.
617 3992 751 4065 νεωκόρος.
771 3996 919 4048 -Pollux
939 3998 1077 4049 onomast.
1097 3998 1119 4063 1,
1141 3994 1165 4063 1,
1186 3992 1219 4045 14
1237 4010 1264 4058 p.
1279 3993 1322 4048 11.
