2866 4736
293 227 342 300 18

274 405 405 476 'mutan
427 410 555 497 Ephesii
568 409 710 496 ⁸);.ejas
733 406 846 495 oppidi
867 411 960 472 situm
982 406 1162 486 ruderibus,
1192 427 1278 493 quae
1300 411 1348 478 in·
1414 383 1416 448 l

292 523 342 578 ter
356 513 546 578 Panionium
562 523 594 577 et
608 511 731 576 Scalam
742 514 869 577 Novam
884 515 918 575 in
934 511 1072 576 convalli
1086 509 1222 597 quadam
1240 533 1347 597 prope

292 637 393 702 aquae
422 615 543 680 calidae
572 616 677 680 lentes
707 627 841 694 exstant,
874 615 1049 702 designari,
1077 624 1163 678 recte
1191 611 1348 678 iudicavit

291 719 400 783 Leake
417 720 643 804 ⁹),ipsamque
665 719 788 784 Scalam
817 721 942 784 Novam
966 721 1126 803 aptissimo
1149 727 1249 804 portu
1272 721 1347 782 insi-

291 843 386 909 gnem
403 831 435 886 et
450 825 585 907 antiquis
608 822 729 908 aliquot
750 827 849 888 ruinis
867 833 899 887 et
920 823 954 884 iri
970 820 1048 885 urbe
1064 831 1095 884 et
1116 824 1149 884 in
1165 809 1346 905 peninsula,

292 947 373 1010 quae
396 925 437 989 ad
461 928 528 1010 ejus
551 930 799 1010 septentrionem
823 936 883 1002 est,
911 928 978 988 sitis
996 925 1045 1020 ¹⁰)
1068 923 1172 987 locum
1196 924 1345 990 obtinere

291 1028 474 1091 Marathesii
498 1028 558 1107 ¹¹),
588 1028 674 1112 qarod
704 1027 820 1113 Scylax
849 1038 976 1114 portum
1005 1026 1157 1112 appellat,
1180 1028 1344 1113 oppidum

291 1132 416 1208 Strabo,
446 1127 575 1210 Phaine,
594 1133 782 1217 Stephanus.
817 1133 904 1195 lutor
925 1131 1149 1194 Marathesium
1172 1141 1206 1195 et
1223 1133 1345 1216 Ephesi

289 1235 495 1312 Panormum,
524 1233 657 1318 urbique
686 1235 923 1319 proximum'¹²)
945 1233 1067 1320 Pygela
1094 1233 1248 1318 oppidum
1271 1257 1344 1298 cum
1377 1272 1380 1278 ·
1410 1305 1415 1314 ,

289 1348 386 1424 porta
410 1349 476 1402 erat
494 1339 548 1416 ¹³),
572 1337 659 1421 quod
675 1339 714 1400 ab
731 1339 970 1424 Agamemnone
987 1337 1148 1402 conditum
1165 1337 1343 1414 serebatur;
1415 1333 1416 1344 ’

290 1445 441 1526 cujusque
467 1461 585 1503 nomen
608 1452 721 1525 postea
742 1444 775 1503 in
797 1441 987 1528 „Plrygela“
1009 1450 1191 1524 corruptum
1216 1452 1264 1505 est
1282 1444 1342 1522 ¹⁴):

289 1543 403 1606 rudera
426 1553 595 1629 supersunt
616 1547 648 1607 in
676 1543 751 1608 colli
775 1543 815 1608 ad
844 1549 959 1609 exitum
982 1543 1146 1622 convallis,
1166 1567 1225 1630 per
1247 1567 1341 1630 quam

289 1645 503 1734 aquaeductus
527 1648 683 1732 Ephesius
707 1650 821 1711 transit
843 1647 883 1712 ad
906 1671 991 1712 mare
1020 1651 1053 1711 ia
1083 1651 1133 1710 via
1160 1651 1245 1714 inter
1267 1649 1343 1713 Sca·
1415 1721 1416 1740 χ

287 1748 348 1812 lam
372 1751 498 1813 Novam
527 1761 558 1814 et
573 1753 744 1836 Ephesum
768 1752 825 1830 ¹⁵).
871 1751 921 1815 Ad
949 1753 1199 1837 septentrionem
1221 1752 1341 1836 Ephesi
1415 1795 1416 1840 3

287 1851 328 1914 ad
351 1873 439 1914 oram
462 1851 614 1938 oppidum
638 1852 721 1918 haud
744 1850 889 1918 novimus
918 1845 1079 1939 antiquam
1105 1853 1191 1918 aliud
1213 1849 1343 1940 praeter
1414 1909 1416 1962 p

288 1951 463 2018 Gallesium
482 1956 542 2036 ιθ),
572 1954 659 2040 qaod
682 1976 814 2020 neeesse
843 1967 892 2022 est
912 1958 971 2022 aab
996 1957 1130 2022 Gallesii
1153 1960 1269 2022 montis
1291 1981 1342 2023 ra·
1415 2045 1416 2052 ἵ

356 2231 391 2300 8)
410 2241 499 2291 strab.
518 2241 593 2308 XIV,
612 2257 639 2304 p.
658 2239 718 2293 639.
773 2237 809 2301 9)
827 2243 894 2293 lisia
905 2242 995 2293 Minor
1007 2257 1032 2305 p.
1045 2241 1109 2292 261.
1163 2238 1212 2308 10)
1227 2242 1339 2299 chandl.

283 2335 311 2384 p.
332 2319 391 2372 178.
411 2327 452 2374 ed.
471 2329 544 2390 angl.
563 2328 628 2376 Poe.
648 2342 672 2388 p.
693 2325 734 2377 ia.
758 2323 824 2391 (53.
845 2331 886 2379 ed.
910 2325 1003 2392 angl.)
1023 2331 1141 2392 Bargasa
1160 2325 1267 2381 Graece
1286 2333 1339 2403 apd

284 2409 329 2457 the
347 2411 461 2474 Levant,
481 2414 592 2460 London
614 2409 697 2477 1835,
720 2411 943 2478 v01.1r,p.io.
971 2437 1007 2447 -
1033 2411 1111 2477 Pouj.
1131 2413 1338 2476 proaemio
1414 2441 1415 2478 a

284 2504 334 2552 pro
361 2493 475 2554 Neapoli
503 2497 573 2544 iaiao
600 2497 749 2547 habuerunt
776 2500 884 2548 scalam
910 2501 1012 2548 Novam
1020 2499 1042 2562 ς’
1058 2500 1187 2549 Lealriunr
1214 2504 1338 2566 seqrritur

283 2577 400 2640 Boeclrh,
421 2576 451 2626 G.
470 2579 490 2654 l.
510 2581 543 2628 ad
563 2594 588 2628 n.
607 2579 687 2631 3022.
766 2580 821 2644 ll)
845 2585 945 2632 Eadem
969 2582 1049 2648 liujus
1067 2586 1144 2636 vocis
1161 2588 1240 2638 radix
1257 2590 1337 2639 vide·
1383 2578 1387 2584 ¹

285 2666 338 2725 tur,
358 2659 473 2723 quae'et
491 2665 658 2714 Marathonis
683 2670 739 2727 est,
764 2669 791 2717 et
809 2671 949 2718 Marathae
971 2671 1104 2720 Arcadiae
1128 2673 1217 2736 oppidi
1237 2670 1336 2738 (Paua.

283 2745 359 2810 viii,
377 2743 420 2796 28.
442 2743 483 2810 1.)
504 2751 531 2798 et
549 2750 629 2799 Marii
647 2751 740 2800 allidas
760 2748 814 2815 (ci.
834 2766 893 2815 cap.
905 2755 954 2820 iii,
974 2749 999 2820 ξ.
1011 2753 1066 2819 3.),
1084 2759 1227 2821 locumque
1245 2761 1336 2824 signi-

282 2825 367 2879 ficare
385 2844 515 2893 aquosum
534 2839 562 2884 et
580 2838 737 2902 palustrem,
755 2839 826 2887 unde
844 2845 872 2888 et
883 2837 1020 2906 μάραθος,
1040 2843 1215 2909 foeniculum,
1235 2860 1334 2896 nomen
1413 2883 1414 2916 ,

283 2913 380 2979 traxit3
399 2917 434 2966 ci.
448 2919 582 2969 Welclrer
598 2922 735 2984 Nachtrag
753 2935 803 2972 urar
820 2923 942 2988 'l'rilogie
960 2940 985 2986 p.
1002 2925 1064 2992 aio,
1083 2927 1128 2977 ubl
1146 2929 1334 2995 plureaejus-
1413 2923 1414 2994 l

282 3001 343 3051 dem
360 3002 461 3052 radicis
478 3017 563 3054 voees
581 3015 779 3058 enumerantur.
851 3007 901 3071 12)
925 3013 999 3061 Unde
1022 3009 1096 3070 πόλις
1113 3016 1174 3083 περὶ
1190 3013 1239 3080 τὴν
1254 3012 1334 3086 'an-

240 3121 244 3128 -
283 3103 329 3138 σον
348 3093 476 3156 vocatur,
499 3093 589 3154 ia'tyra.
612 3094 650 3142 Μ.
668 3105 691 3142 a.
709 3107 735 3142 v.
790 3091 866 3159 ‹ia›
890 3095 960 3146 erin.
979 3099 1013 3162 V,
1031 3096 1075 3148 31.
1112 3101 1200 3150 strat.
1223 3114 1251 3162 p.
1269 3097 1332 3151 039.

282 3173 375 3236 alepi.
393 3178 461 3239 ssya.
479 3191 503 3227 s.
521 3193 546 3227 v.
564 3178 624 3229 Liv.
642 3180 781 3247 llxxvii,
802 3179 843 3232 ll.
926 3179 975 3244 14)
995 3183 1041 3234 Sic
1059 3173 1136 3234 rect'e
1152 3184 1256 3235 iudicat
1274 3188 1332 3236 Eu-

281 3261 398 3310 statutas
419 3265 452 3312 ad
470 3263 546 3313 iliad.
564 3265 601 3331 li,
620 3279 647 3325 p.
657 3263 719 3315 310.
737 3266 845 3334 Πύγελα
862 3271 906 3317 est
923 3271 993 3329 apud
1011 3271 1111 3334 strab,
1130 3273 1233 3336 slepa,
1250 3271 1331 3337 Xan,
1412 3315 1413 3328 ,

281 3346 353 3402 liell.
376 3347 404 3410 1,
427 3347 454 3396 2.
476 3348 502 3396 2.
521 3348 580 3396 hir.
604 3344 708 3415 ‹in'pata
730 3349 758 3400 in
778 3353 856 3403 titulo
876 3354 1010 3415 Ephesiae
1032 3355 1193 3421 recentiori,
1213 3355 1244 3406 Ο.
1263 3357 1286 3407 Ι.
1305 3369 1330 3406 n.
1412 3365 1413 3368 ’

281 3427 361 3480 3017..
380 3433 449 3490 apud
468 3427 590 3497 suidam,
612 3434 655 3495 qui
675 3438 758 3500 arrigo
776 3437 815 3489 iia
832 3440 931 3495 dictum
955 3436 1085 3502 affirmata
1108 3443 1232 3506 Phygela
1250 3456 1267 3492 a
1284 3444 1330 3492 iu-

281 3513 375 3578 gltivls
394 3516 516 3580 condita,
541 3531 585 3579 ap.
608 3519 677 3569 Ptin.
696 3523 714 3570 l.
732 3525 751 3571 l.
770 3525 870 3574 Melum
887 3526 911 3591 1,
935 3523 976 3574 17.
999 3529 1141 3594 dispellere
1164 3530 1233 3585 ciana
1252 3541 1329 3578 com·

281 3601 423 3650 mandatur
441 3614 458 3650 a
475 3602 635 3654 Dioscorida
655 3605 688 3672 V,
708 3605 750 3657 10.
769 3613 798 3658 et
816 3609 976 3660 Cauudiero.
1013 3612 1057 3662 Gi.
1069 3611 1207 3664 Camerar.
1226 3613 1328 3664 Garum.

280 3685 421 3749 utriusque
443 3686 554 3750 linguae
576 3701 602 3750 p.
626 3687 688 3741 386.
712 3682 770 3754 ld„
791 3696 864 3745 Voss
886 3698 1017 3761 Theolog.
1041 3699 1136 3762 gentil.
1157 3701 1210 3763 lv,
1234 3695 1278 3750 06.
1301 3683 1347 3762 ps
1411 3697 1412 3706 ’

281 3769 341 3822 175.
415 3767 464 3836 15)
484 3775 584 3824 Tauro.
602 3789 629 3837 p.
647 3773 719 3842 308,
738 3780 802 3830 Poe.
822 3795 848 3842 p.
868 3779 923 3848 to,
942 3782 1053 3835 Claudi.
1072 3799 1098 3846 p.
1115 3784 1176 3834 ⁶200.
1191 3783 1272 3846 (176.
1285 3787 1325 3835 ed.

279 3853 371 3920 angl.)
376 3892 385 3923 ‚
404 3854 482 3922 Pouj.
501 3873 527 3921 p.
545 3856 622 3925 282,
647 3861 766 3928 Bargasa
784 3867 803 3915 l.
822 3867 854 3932 i.,
879 3869 972 3918 Lealre
990 3883 1015 3931 p.
1034 3867 1095 3922 261.
1100 3905 1120 3937 „
1133 3871 1272 3922 Hamilton
1289 3871 1325 3934 11,

278 3953 305 4005 p.
322 3939 367 3992 28.
439 3939 490 4007 16)
510 3943 654 4013 Polliceor
675 3947 750 4008 πόλις
770 3944 893 4021 Ἐφέσου,
916 3953 1069 4025 Hapde'rtoa
1090 3958 1115 4006 ia
1137 3956 1271 4022 incapacia
1289 3953 1326 4021 τῷ
1410 4011 1411 4020 ,

279 4025 315 4084 eie
331 4019 488 4096 Λῦείθεμιν,
505 4032 597 4094 stopa.
615 4033 682 4097 Bya.
700 4048 724 4086 a.
743 4050 769 4086 v.
