2910 4726
288 317 358 390 186

286 525 348 590 qne
377 524 514 588 unquam
543 504 656 587 majori
685 510 807 566 statuae
835 502 927 586 eique
956 497 1276 586 chryselephantinae
1314 510 1347 564 et

286 606 493 694 quadraginta
515 603 651 692 pedibus
673 605 786 684 altiori,
808 613 845 670 nt
866 603 967 668 credit
988 605 1116 682 Hirtius,
1138 605 1347 689 praecipuum

286 711 387 776 cellae
410 710 515 774 locum
538 711 671 772 cessisse
692 708 820 773 videtur
837 709 900 786 16);
930 709 1040 771 mirum
1065 711 1146 771 enim
1170 707 1256 770 loret
1281 717 1345 770 tam

284 817 391 902 magni
414 815 529 899 operis,
552 810 638 897 quod
662 811 874 875 celeberrimis
896 809 1029 874 Phidiae
1053 821 1085 875 et
1100 809 1261 896 Polycleti
1284 821 1346 873 sta-

284 919 346 984 tuis
369 917 497 1002 aequari
518 916 689 1001 potuisset,
711 913 863 979 artificem
886 935 1054 999 numquam
1077 917 1283 993 nominatum,
1308 935 1345 976 ac

284 1041 326 1084 nc
348 1023 540 1084 mentionem
563 1016 688 1104 quidem
707 1039 845 1102 unquam
865 1018 978 1080 factam
995 1039 1076 1082 esse.
1104 1019 1275 1082 Praeterea
1292 1039 1345 1082 au·

284 1133 347 1188 tem
370 1122 450 1187 aliae
473 1143 600 1210 quoque
624 1131 656 1186 et
678 1121 819 1207 ejusdem
843 1122 934 1185 Deae
951 1122 998 1201 ¹⁷)
1029 1121 1216 1185 stallorum
1239 1123 1342 1185 nurni-

283 1247 358 1291 num
381 1237 503 1292 statuae
525 1229 558 1289 in
580 1224 700 1311 templo
722 1225 1003 1309 conspiciebantur
1018 1225 1076 1304 ¹⁸),
1098 1247 1174 1310 quas
1199 1247 1270 1288 curn
1293 1245 1341 1287 re-

283 1327 376 1415 liquis
391 1329 511 1415 Ephesi
534 1327 609 1394 olim
633 1331 813 1414 conspicuis
828 1329 921 1413 hujus
944 1329 1019 1394 artis
1042 1328 1193 1414 operibus
1216 1329 1342 1414 jamjam

282 1432 467 1496 referamus.

369 1535 523 1600 Primario
554 1545 657 1601 autem
687 1536 812 1600 Dianae
840 1535 999 1621 Ephesiae
1028 1535 1196 1600 simulacro
1229 1533 1343 1598 similia

283 1637 381 1701 luisse
402 1637 552 1703 videntur
579 1632 622 1702 rol
651 1636 776 1724 ἀρχαῖα
804 1633 925 1718 ξόανα,
958 1661 1040 1726 quae
1063 1642 1096 1702 in
1119 1641 1343 1726 antiquissimis
1450 1721 1451 1728 ἵ

282 1739 408 1826 templis
438 1743 597 1829 Ortygiae
626 1743 871 1807 asservabantur
886 1743 944 1821 ¹⁹).
977 1780 1017 1794 -
1050 1741 1099 1807 hd
1128 1744 1342 1828 provectioris

198 1840 204 1850 ’
282 1847 357 1907 artis
379 1853 514 1908 aetatem
536 1846 623 1908 Nox
644 1849 795 1930 pertinet,
825 1867 917 1930 quam
943 1846 1151 1923 Rhoecus,
1175 1843 1341 1909 Theodori

282 1946 443 2010 architecti
472 1955 577 2032 pater,
611 1947 756 2031 Ephesiis
785 1949 934 2027 fecit²⁰).
996 1948 1189 2014 Theodorus
1224 1957 1341 2026 autem,

281 2059 409 2134 praeter
431 2069 482 2128 ea,
512 2070 595 2134 quae
622 2052 656 2112 in
685 2047 805 2136 t'emplo
837 2073 907 2115 eum
938 2052 1054 2116 fecisse
1080 2049 1341 2136 supradiximus,

281 2149 441 2216 dimidiam
463 2151 623 2240 Apollinis
646 2161 780 2217 statuam
803 2154 923 2240 Ephesi
951 2155 1101 2240 perfecit,
1125 2157 1215 2240 cujus
1240 2154 1341 2220 altera

281 2277 354 2342 pars
377 2265 510 2343 propter
530 2255 692 2321 insolitam
714 2257 979 2346 magnitudinem,
1001 2258 1086 2323 Sami
1109 2281 1128 2321 a
1151 2259 1248 2324 fratre
1272 2262 1341 2345 ejus
1450 2307 1451 2310 ,

239 2345 244 2360 ‘
282 2357 445 2424 elaborata
469 2369 517 2424 est
532 2361 590 2443 ²¹).

369 2463 421 2528 De
443 2463 581 2528 bovibus
604 2467 716 2544 anneis,
740 2487 817 2550 quas
837 2463 979 2530 Croesus
1002 2465 1149 2549 Ephesiis
1173 2463 1262 2530 dono
1286 2465 1342 2530 dc-

281 2564 328 2629 dit
350 2587 444 2653 supra
466 2569 528 2652 jam
551 2566 683 2633 diximus
706 2567 734 2652 §
761 2571 794 2646 l,
817 2589 849 2632 n.
875 2571 925 2633 13.
981 2568 1228 2633 Florentissimis
1251 2567 1342 2633 deni-

280 2689 342 2752 que
365 2676 441 2733 artis
463 2674 633 2735 statuariae
655 2671 852 2756 temporibus
869 2681 1037 2750 certamen,
1059 2671 1147 2757 quod
1162 2693 1341 2758 proposue-

280 2781 354 2834 runt
370 2771 508 2856 Ephesii,
531 2772 755 2836 celeberrimos
778 2773 915 2838 artifices
931 2779 964 2838 in
979 2787 1120 2840 nostram
1136 2777 1247 2842 urbem
1263 2799 1340 2842 con·
1447 2765 1448 2793 ¹

280 2877 408 2936 vocavit
423 2873 478 2952 υ).
526 2873 679 2955 Quamvis
707 2878 788 2937 cnim
814 2875 854 2938 de
871 2881 1050 2958 certamine,
1072 2884 1202 2967 proprie
1224 2887 1271 2946 sic
1294 2881 1340 2946 dl-

281 2985 342 3052 cto,
364 2974 470 3060 aliqua
491 2973 601 3039 saltem
632 3000 669 3042 ex
696 2988 788 3062 parte
816 2976 953 3044 dubitari
982 2981 1077 3050 licoat
1092 2985 1161 3068 ²⁸),
1193 2985 1225 3050 id
1250 2995 1338 3050 certe

280 3088 414 3157 constat,
437 3079 589 3158 artifices,
618 3083 671 3166 qui
694 3081 811 3166 Ephesi
841 3096 1026 3174 praesentes
1057 3099 1146 3182 erant
1162 3090 1226 3168 ²⁴),
1248 3110 1339 3154 suam

280 3275 423 3326 Mucianus
441 3290 484 3338 ap.
503 3275 573 3326 Pliu.
589 3276 609 3324 Ι.
621 3277 639 3326 Ι.
694 3271 745 3341 16)
763 3278 830 3342 Pag.
848 3276 892 3330 40.
944 3275 996 3345 17)
1014 3282 1136 3344 Xenoph.
1147 3285 1249 3345 Exped.
1268 3282 1337 3347 cyri

279 3361 314 3424 V,
332 3358 360 3426 3,
382 3360 423 3410 12.
458 3362 566 3423 Duplex
582 3361 716 3423 Ephesiae
735 3365 827 3414 statua
849 3370 892 3414 est
909 3365 1044 3424 innumis
1062 3369 1206 3430 Ephesinis
1224 3372 1336 3420 Morell.
1386 3379 1403 3406 θ

278 3447 357 3496 Num.
375 3447 441 3506 Imp.
459 3450 530 3509 Aug.
547 3447 632 3512 ΙΙΙιΙΙ,
653 3446 687 3498 13
704 3461 748 3509 ap.
767 3451 887 3500 Gerhard
905 3452 1000 3512 Prodr.
1020 3450 1083 3520 13-1,
1100 3451 1147 3522 37,
1165 3467 1243 3518 quem
1264 3467 1336 3506 con·
1442 3509 1443 3527 ,

278 3532 328 3580 fer.
405 3527 453 3591 18)
473 3531 576 3582 Cacsar
594 3535 660 3582 Bell.
679 3532 738 3582 Giv.
757 3535 807 3598 ΙΙΙ,
825 3533 868 3598 32.
907 3536 948 3586 cf.
967 3539 1051 3588 Daris
1070 3543 1098 3590 et
1117 3541 1282 3602 Oudendorp
1302 3542 1336 3590 ad

279 3617 303 3664 h.
322 3617 341 3664 l·
442 3609 494 3679 19)
513 3619 601 3666 strab.
618 3619 693 3684 xlv,
712 3634 740 3680 p·
757 3616 819 3670 639.
837 3618 890 3671 640
908 3624 932 3671 ἐν
950 3625 997 3690 μὲν
1015 3631 1072 3686 τοῖς
1096 3619 1218 3695 ἄρχαίοις
1236 3619 1337 3693 ἇρχαῖὰ

278 3702 332 3752 ἐστι
349 3694 437 3756 ξόανα.
509 3696 563 3766 20)
581 3704 698 3754 Pausan.
715 3705 751 3770 X,
769 3702 815 3771 38,
834 3705 860 3758 θ.
918 3705 1106 3773 2l)1)iogeu.
1125 3713 1219 3762 baert.
1281 3706 1336 3775 22)

278 3784 359 3838 Macci
378 3786 405 3838 dl
429 3778 475 3838 οὖν
498 3787 545 3840 τὸν
563 3786 623 3840 νεὼν
640 3787 673 3842 τὸ
693 3787 744 3842 τῶν
767 3785 849 3842 ἄλλων
872 3785 1051 3862 ἀναθημάτων
1076 3793 1182 3864 πλῆθος
1206 3793 1338 3866 εὑρέσθαι

277 3870 311 3938 τῇ
333 3869 528 3940 cataphractis
551 3873 711 3944 δημιούργων
734 3879 824 3928 Slrnb.
841 3879 919 3945 xlv,
942 3895 969 3942 p.
995 3878 1056 3930 640.
1162 3879 1215 3944 23)
1234 3886 1335 3946 Meyer

278 3947 383 4006 canens
395 3960 420 4008 d.
439 3960 527 4010 Kunst
545 3961 581 4025 ΙΙ,
600 3975 626 4021 p.
645 3958 688 4010 65.
701 3988 730 3998 —
744 3964 839 4014 Muell.
858 3967 937 4016 Arch.
957 3959 982 4032 §.
996 3963 1047 4016 121
1067 3981 1093 4029 p.
1106 3965 1212 4018 loa-
1225 3969 1335 4030 Optime

277 4041 310 4088 de
329 4042 380 4090 hoc
398 4043 546 4095 certamine
565 4047 705 4098 Grosknrd
724 4049 756 4100 ad
776 4061 849 4098 vers.
867 4063 952 4114 gerru.
972 4054 1061 4106 strab·
1077 4055 1096 4102 Ι.
1110 4055 1129 4104 Ι.
1201 4047 1251 4118 24)
1262 4053 1333 4104 Plio.

277 4125 403 4191 xxxiv,
422 4139 445 4178 a.
467 4125 508 4178 lo.
