2916 4722
283 249 331 322 72

284 453 404 522 genere
426 431 572 513 sumti⁸),
594 433 746 519 pristinae
768 434 933 519 potentiae
955 429 1033 496 nihil
1055 435 1246 510 retinentes,
1275 435 1337 496 nisi

284 558 443 602 sacrorum
479 535 677 621 quorundam
704 537 1020 614 administrationem,
1055 535 1182 602 Cereris
1212 534 1337 617 Eleusi-

196 663 204 669 ·
285 643 357 705 niae
391 641 588 724 potissimum
612 640 659 720 ⁹),
696 662 776 726 quae
811 661 899 704 sacra
935 641 1027 704 etiam
1056 639 1187 703 Athenis
1217 637 1261 702 ad
1291 660 1337 702 ar-

285 744 431 808 chontem
455 763 563 829 regem
585 745 776 827 pertinuisse
798 752 909 808 noturn
938 751 1013 824 est„
1063 740 1210 824 Quorum
1241 745 1337 828 impe·

284 849 365 910 rium
388 867 482 929 quum
505 846 722 932 aPythagora
745 845 877 910 fractum
899 855 991 922 esset,
1013 845 1190 922 archontes,
1215 847 1277 908 etsi
1286 848 1337 911 ni-

285 946 330 1011 hil
351 969 479 1032 prorsus
502 951 580 1012 certi
602 948 697 1012 nobis
719 947 867 1014 traditum
895 951 949 1026 sit,
978 969 1016 1012 ex
1037 949 1187 1012 universo
1210 947 1336 1033 populo

285 1053 378 1116 sumti
399 1050 556 1129 videntur,
579 1072 752 1136 eorumque
774 1053 903 1115 nomina
931 1053 964 1114 in
991 1049 1210 1136 frequentibus
1232 1051 1337 1135 Ephe-

284 1157 402 1219 siorum
424 1156 526 1220 uumis
555 1158 736 1220 autonomis
765 1157 944 1240 repperisse
972 1153 1047 1218 mihi
1074 1157 1161 1218 visus
1190 1173 1262 1218 sum
1280 1155 1333 1235 ¹⁰).

285 1258 384 1322 Erant
406 1259 489 1322 euim
512 1259 678 1342 eponyrni,
700 1256 788 1342 quod
811 1277 848 1322 ex
870 1255 966 1321 solite
988 1254 1123 1320 formula
1146 1257 1200 1320 tert
1221 1249 1336 1349 ἅρχοί-

283 1382 341 1436 τος
360 1385 388 1426 τ.
412 1362 441 1426 δ.
465 1373 598 1446 apparet
619 1363 654 1424 in
675 1362 882 1446 inscriptione
905 1359 1065 1445 Ephesius
1088 1357 1271 1424 Alexandro
1290 1360 1333 1424 M.

283 1483 350 1528 uon
380 1463 481 1528 multo
511 1465 680 1528 recentiori
700 1464 756 1542 ¹¹).
801 1460 1009 1527 inveniuntur
1038 1482 1138 1547 porro
1168 1463 1334 1528 archontes
1431 1479 1432 1498 ³

284 1567 413 1652 Ephesii
442 1565 527 1653 apud
547 1566 807 1652 Josephum12),
836 1564 989 1630 Achillem
1020 1566 1145 1630 Tatium
1162 1565 1213 1649 l³)
1243 1576 1277 1631 et
1304 1569 1335 1630 in

282 1671 459 1748 numis14).
499 1707 539 1720 -
577 1670 641 1733 Pro
671 1670 824 1734 archonte
853 1689 1017 1755 epouymo
1045 1669 1336 1754 archisceptuchum

194 1765 199 1782 '
284 1775 406 1856 accipio
425 1774 479 1852 Ι9),
510 1771 598 1856 quod
620 1793 739 1838 nomen
762 1771 802 1836 ad
825 1785 979 1858 prytanes
1001 1781 1114 1857 postea
1135 1771 1271 1838 relatum
1293 1777 1336 1837 vi-

284 1871 385 1950 detur,
408 1877 462 1958 qui
475 1877 648 1938 recentiori
664 1884 766 1938 aetate
781 1896 841 1960 pro
864 1875 1068 1942 archontibus
1085 1880 1239 1961 eponymi
1262 1877 1335 1942 iacti

283 1985 358 2039 sunt
374 1976 430 2054 16).
475 1975 636 2066 Summum
660 1985 764 2040 aretem
779 1979 965 2043 archontum
982 1979 1192 2064 Ephesiorum
1214 2001 1335 2057 munus,

284 2087 319 2143 ut
336 2079 585 2157 Atheniensium,
606 2079 795 2165 judiciorum
818 2080 969 2167 proe'dria
992 2093 1061 2146 erat
1076 2084 1134 2162 ¹⁷).

371 2181 554 2270 Strategi
576 2186 609 2248 in
632 2185 734 2248 numia
753 2187 959 2250 inveniuntur
973 2186 1020 2264 ¹⁸)
1044 2195 1077 2250 et
1098 2183 1184 2272 apud
1200 2180 1347 2264 Tatium,

282 2282 338 2348 ubi
367 2287 493 2350 summis
521 2286 716 2373 reipublicae
746 2288 977 2376 magistratibus
1008 2298 1256 2354 annumerantur
1280 2291 1334 2370 ¹⁹).

282 2387 374 2466 Nam,
396 2399 431 2453 ut
453 2393 584 2478 strategi
607 2391 846 2456 Atheniensium
861 2391 924 2472 ²⁰),
955 2389 1098 2457 civilibus
1121 2413 1250 2479 quoque
1271 2415 1336 2458 rnu-
1430 2413 1431 2420 ¹

352 2684 387 2753 8)
405 2689 541 2741 Basilidae
555 2692 654 2754 Ephesi
667 2662 733 2744 areu
749 2696 814 2745 errat
831 2695 865 2744 oi.
885 2690 910 2760 §.
924 2681 955 2763 ¹3,
971 2709 997 2747 n.
1010 2693 1054 2748 29.
1067 2721 1101 2734 -··
1114 2698 1206 2749 libert.
1224 2697 1334 2751 dissert.

282 2772 391 2825 siculae
409 2790 435 2837 p.
454 2773 498 2826 97.
526 2799 563 2811 --
591 2780 694 2830 Eorum
711 2780 853 2842 imperium
876 2781 978 2834 diserte
996 2778 1062 2853 ἀρχὴ
1081 2798 1099 2835 e
1116 2787 1218 2835 Batone
1237 2784 1335 2836 dicitnr

282 2871 326 2920 ap.
344 2859 418 2910 Suid.
438 2875 463 2910 v.
482 2861 661 2933 Πυθαγόρας,
678 2887 715 2901 -
733 2868 803 2929 quod
821 2868 855 2916 de
877 2869 1015 2930 perpetuis
1033 2871 1207 2921 archontibus
1228 2871 1335 2922 inteili-

282 2946 398 3008 genuum
417 2958 480 2998 esee
497 2948 579 3000 facile
597 2954 718 3012 apparet.
790 2946 829 3016 9)
847 2955 936 3003 strat.
955 2955 1036 3021 xlv,
1054 2953 1116 3007 639.
1206 2953 1258 3022 19)
1284 2957 1335 3008 luo

282 3032 316 3080 ad
339 3028 390 3080 17⁰
412 3032 471 3083 iere
492 3034 602 3086 nomina
625 3049 641 3086 e
663 3035 828 3105 Mionnetio,
853 3039 987 3104 Sertiuio,
1010 3041 1140 3092 Euthelio
1168 3043 1333 3105 computari.
1368 3063 1373 3073 r

282 3111 333 3179 11)
350 3119 465 3170 Boecirh.
486 3118 556 3170 (1.1.
575 3119 701 3189 119953,
719 3124 744 3173 b.
763 3138 789 3173 v.
808 3121 833 3175 1.
923 3121 974 3189 12)
992 3128 1067 3178 Antt.
1092 3129 1173 3178 Judd.
1195 3128 1271 3196 xlv,
1291 3127 1334 3196 10,

281 3199 315 3251 12
333 3199 394 3268 (ed.
413 3200 541 3270 oberth.)
561 3200 686 3275 Ἐφεσίων
708 3206 790 3279 βουλῇ
814 3211 859 3261 καὶ
881 3205 992 3279 ἄρχουσι
1015 3213 1060 3264 καὶ
1082 3211 1153 3281 δήμῳ
1171 3215 1282 3282 χαίρειν.
1302 3241 1333 3250 -

280 3288 1429 3363 mmmmmfflmmfflmtm1

280 3375 402 3425 Vuillaat
419 3367 497 3426 1911111.
516 3378 582 3438 imp.
601 3391 627 3440 p.
645 3376 672 3429 3.
690 3382 761 3442 apud
776 3381 961 3431 Tittmenunm
977 3381 1087 3434 hicira
1103 3385 1122 3433 1.
1195 3378 1247 3449 1⁵)
1266 3384 1332 3436 (1.1.

280 3471 308 3507 n.
320 3455 390 3508 2987
404 3463 474 3509 extr.
486 3461 529 3510 ini
546 3453 777 3530 ἇρχισκηπτόύχου
792 3463 951 3535 Ἑρμίππου.
1024 3463 1075 3532 16)
1094 3470 1211 3520 Boeuirh.
1229 3473 1265 3522 acl
1281 3473 1301 3522 1.
1314 3473 1333 3520 1.

207 3561 222 3582 ·
280 3542 528 3604 erehisceptuchum
558 3546 671 3607 primunr
697 3551 825 3613 prytanin
849 3551 964 3602 censuit.
1012 3550 1194 3605 titiensiu
1219 3559 1332 3608 Senatu.

280 3623 333 3690 17)
351 3629 417 3679 sen.
437 3630 496 3679 rer.
515 3631 590 3696 vrrr,
611 3630 654 3698 rs,
673 3649 699 3696 ρ,
718 3633 780 3686 nt.
796 3657 834 3674 -
850 3637 890 3686 rc.
908 3649 935 3698 p.
953 3634 1014 3688 eos.
1100 3635 1150 3703 re)
1169 3642 1280 3693 norror.
1299 3644 1330 3692 u.
1427 3695 1428 3704 ,

279 3713 311 3762 Ν.
329 3713 371 3779 11,·
384 3727 410 3774 p.
429 3711 490 3764 519.
525 3715 603 3766 Alios
619 3719 713 3770 laudat
731 3721 868 3773 ritrnmn
886 3723 933 3772 (ir.
952 3725 1082 3775 Steemvi.
1101 3739 1127 3787 p.
1141 3724 1202 3778 tal.
1278 3724 1330 3789 19)

279 3799 352 3864 vul,
364 3795 392 3865 9,
410 3813 435 3861 p.
447 3796 500 3852 688
518 3801 617 3854 κλεῖσον
635 3796 681 3854 οὖν
699 3805 734 3856 τὰ
752 3801 915 3876 δικαστήρια,
934 3805 1032 3861 κάθελε
1044 3808 1079 3861 τὰ
1091 3807 1273 3883 βουλευτήρια,
1292 3816 1330 3864 ἔκ-

254 3939 257 3945 ,
277 3885 339 3946 fietis
352 3883 415 3941 roric
434 3883 601 3954 στρατηγοὺς.
621 3889 686 3940 ltin.
707 3925 777 3942 ....
792 3925 799 3941 .
817 3889 907 3961 δῆμος,
920 3893 1010 3962 βουλὴ,
1022 3897 1159 3968 noctique,
1175 3897 1328 3969 στρατηγὸς.

278 3962 331 4032 2⁰)
350 3967 392 4020 ct
414 3972 539 4024 schoeni.
558 3974 582 4023 d.
602 3973 704 4026 Coum.
725 3991 752 4039 p.
769 3974 831 4028 313.
848 3975 911 4030 914.
