2866 4736
188 351 190 358 ·
251 311 336 380 ’ὅθ’

232 478 235 486 ’
273 493 348 557 bum
372 501 404 557 ct
426 492 604 580 complures
628 493 704 558 alias
726 491 845 560 insulas
873 492 933 558 sibi
961 492 1140 580 subjecerat
1155 494 1218 575 ¹²),
1241 493 1329 558 llall·

274 617 453 662 carnassum
476 595 610 661 tendens
626 598 784 683 Ephesum
809 618 936 682 quoque
951 617 1121 684 aggressus
1145 605 1194 661 est
1215 591 1325 683 paullo

273 709 349 785 post
369 699 541 764 Alexandri
568 699 607 764 ad
629 701 728 764 Issum
758 704 922 765 victoriam
953 703 1000 778 (a.
1024 701 1118 782 333).
1156 737 1201 748 -
1225 689 1325 762 'Urbs

229 815 233 818 ’
273 823 366 882 vero,
397 811 428 866 et
454 801 587 867 navibus
617 812 649 867 et
678 807 786 868 castris
816 813 1015 890 oppugnata,
1044 813 1106 868 tam
1130 802 1260 890 egregie
1285 799 1323 864 ab

273 905 418 990 Ephesiis
442 905 572 970 defensa
597 915 658 984 est,
687 917 736 985 ut‘,
765 905 841 970 licet
866 905 1030 992 peimultis
1054 927 1164 972 eorum
1185 899 1324 968 ducibus

273 1031 332 1095 per
352 1008 567 1096 proditionem
597 1011 695 1094 captis
717 1018 811 1096 atque
833 1009 1007 1076 interiectis
1025 1007 1325 1094 ¹³)‚Autuphrada-

249 1099 320 1176 'tes
342 1134 378 1177 re
400 1115 486 1176 irrita
509 1111 761 1176 Halicarnassum
784 1113 947 1198 profectus
969 1118 1010 1180 sit
1027 1115 1082 1196 ¹⁴).
1251 1115 1255 1123 “

360 1217 505 1280 Externis
527 1219 573 1280 sic
595 1213 745 1301 periculis
769 1215 873 1294 elusis,
895 1217 979 1281 haud
1001 1228 1105 1282 tamen
1127 1217 1255 1280 interna
1277 1218 1322 1279 rei
1426 1291 1427 1308 ¹

271 1319 419 1406 publicae
447 1320 548 1405 forma
576 1321 693 1384 intacta
720 1311 842 1384 mansit
893 1321 1048 1408 Hegesias
1077 1321 1174 1397 enim,
1204 1339 1323 1382 summa
1425 1380 1426 1384 ,

243 1465 250 1478 ·
270 1446 389 1502 rernm,
417 1422 502 1487 haud
532 1425 601 1486 sine
624 1420 790 1486 Philoxeni
812 1423 922 1500 Ioniae
950 1421 1103 1510 praelecti
1119 1422 1167 1502 ¹⁶)
1196 1421 1322 1500 anxilio,

270 1531 391 1613 potitus
419 1525 622 1622 tyrannidem
650 1524 770 1590 tamdiu
798 1530 974 1612 usurpavit,
1003 1525 1109 1590 donec
1136 1526 1177 1591 ab
1201 1525 1322 1590 Anaxa-

270 1652 364 1718 gora,
393 1628 506 1696 Codro
537 1639 569 1695 et
597 1628 756 1708 Diodoro,
785 1630 993 1694 Echeanactis
1027 1628 1101 1694 filiis
1134 1629 1322 1694 interiectus

271 1743 319 1798 est
342 1743 374 1798 et
395 1733 576 1818 respublica
597 1735 630 1796 in
647 1731 824 1797 libertatern
840 1735 1066 1818 pristinamque
1081 1731 1323 1797 administratio-

271 1839 319 1900 nis
342 1837 474 1900 lormam
495 1835 709 1922 redintegrata
726 1837 782 1915 ι1).

358 1938 600 2017 Interfectores,
628 1941 734 2002 invitis
757 1939 903 2024 Ephesiis
932 1941 965 2002 vi
987 1947 1081 2024 atque
1104 1940 1197 2002 annis
1221 1940 1322 2025 erepti

270 2051 344 2107 sunt
366 2051 399 2106 et
420 2044 452 2104 in
473 2063 547 2123 arce
569 2040 721 2104 Sardibus
744 2040 799 2104 diu
819 2042 950 2117 retenti;
972 2041 1059 2118 unde
1082 2063 1176 2128 quum
1192 2040 1322 2108 Codrus
1423 2070 1427 2099 ι

270 2155 365 2230 atque
381 2144 584 2232 Anaxagoras
608 2143 743 2210 feliciter
765 2147 947 2224 evasissent,
968 2144 1133 2210 Diodorus
1152 2145 1240 2210 tibiis
1263 2147 1323 2210 fra
1425 2149 1427 2220 ἦ

270 2252 327 2315 etis
350 2271 368 2313 a
391 2247 491 2336 Lydis
520 2257 631 2334 captus
660 2257 692 2312 et
719 2246 760 2312 ad
783 2247 995 2314 Alexandrum
1025 2251 1078 2334 qui
1101 2269 1172 2313 eum
1194 2253 1323 2336 puniret

269 2357 388 2419 missus'
403 2363 451 2418 est
465 2353 521 2433 ¹⁷).
566 2352 638 2416 Hoc
661 2362 765 2417 autem
786 2361 914 2433 mortuo
937 2353 1044 2433 (323)
1058 2351 1227 2417 Perdiccas
1244 2353 1323 2418 Dio-

269 2453 594 2523 dorumrincolumem
617 2457 651 2518 in
673 2451 806 2542 patriam
829 2459 946 2522 reverti
968 2459 1061 2543 jussit
1082 2455 1190 2542 ibique
1212 2459 1323 2543 patriis
1429 2463 1431 2509 ἵ

269 2559 394 2646 legibus
416 2558 548 2643 judicari
565 2557 621 2636 18).

741 2823 770 2909 §-
815 2825 846 2889 s.

269 2955 339 3023 Par's
359 2962 499 3042 secundm
518 2959 627 3042 Ephesi
642 2963 697 3022 sub
714 2939 872 3024 Alexandri
883 2963 923 3025 M.
937 2965 1153 3026 successoribus
1172 2963 1325 3026 historiam

428 3057 580 3117 continens
599 3056 670 3116 inde
689 3053 726 3118 ab
747 3077 772 3117 a.
793 3059 852 3120 323
871 3079 965 3139 usque
984 3061 1022 3120 ad
1041 3079 1067 3120 a.
1089 3060 1156 3122 189.

357 3233 539 3302 Alexandro
562 3246 703 3314 mortuo,
732 3240 791 3302 etsi
818 3233 923 3324 neque
946 3238 1090 3324 Ephesus
1119 3237 1225 3322 ne'que
1255 3241 1325 3302 uni-

268 3361 359 3404 versa
382 3340 486 3418 Ionia,
514 3340 675 3420 libertate,
704 3363 764 3426 qua
783 3341 833 3406 -ab
857 3340 1038 3406 Alexandro
1061 3339 1200 3405 donatae
1224 3352 1324 3421 erant,

265 3543 342 3592 ,ιινονι
360 3525 437 3576 Diod.
454 3529 542 3594 xvlt,
561 3527 604 3580 23.
688 3524 737 3594 12)
756 3533 816 3580 Art.
834 3529 876 3596 ll,
895 3527 927 3596 l,
952 3527 977 3579 ὅ.
997 3553 1032 3566 -
1048 3531 1085 3597 Π,
1105 3526 1149 3597 13,
1168 3525 1259 3582 t-ss.
1279 3530 1324 3582 (lf.

266 3612 303 3675 ll,
321 3608 349 3674 2,
367 3607 394 3660 3.
412 3608 439 3660 l.
529 3613 580 3674 13)
599 3615 730 3678 Polyaen.
750 3617 817 3681 Vll,
836 3613 887 3683 27,
905 3615 932 3666 2.
1022 3611 1074 3678 ll)
1091 3609 1155 3668 A'rr.
1173 3618 1209 3683 ll,
1231 3616 1276 3684 13,
1295 3615 1322 3668 6.

268 3692 318 3759 15)
337 3697 469 3760 Polyaen.
488 3701 536 3766 vl,
554 3697 598 3750 19.
633 3704 712 3764 Apud
734 3701 878 3752 Διτ1ιιιιιιιι
899 3701 984 3752 Asiae
1007 3705 1036 3752 et
1057 3703 1140 3754 Tarni
1161 3705 1324 3771 praelectus

267 3785 311 3834 est
329 3777 397 3848 (111,
416 3783 442 3851 6,
462 3782 506 3847 l).
579 3783 630 3852 16)
648 3789 780 3850 Polyaen.
800 3789 849 3856 vl,
866 3785 910 3840 49.
983 3784 1033 3851 17)
1051 3788 1173 3852 ALydls
1192 3803 1255 3840 eum
1270 3803 1323 3842 oa-

266 3875 340 3932 ptum
364 3883 426 3920 esse
450 3877 526 3922 recte
549 3872 631 3924 uadit
654 3875 824 3941 Polyaenus,
848 3874 996 3926 Philoxeno
1014 3872 1073 3940 jam
1093 3877 1244 3943 Babylone,
1266 3889 1323 3940 quo

266 3955 414 4006 exercitum
434 3958 561 4026 denerat,
580 3964 708 4010 versante
732 3956 814 4026 (Arr.
834 3960 970 4029 vl1,23‚
991 3959 1132 4028 1.-24,
1153 3958 1196 4026 l).
1270 3961 1322 4026 18)

265 4041 382 4092 Fallitur
400 4044 443 4092 111.
461 4045 596 4109 moysen,
616 4045 662 4110 qni
674 4047 831 4098 Perdiccam
844 4048 944 4100 tratres
955 4048 1020 4100 lllos
1038 4050 1072 4099 ab
1085 4047 1211 4112 Ephesiis
1223 4054 1323 4114 postu-

265 4129 340 4179 lasse
358 4134 461 4180 narrat.
482 4129 610 4182 Diadoeh.
629 4147 655 4196 p.
674 4131 737 4200 215,
757 4145 782 4182 ιι.
802 4130 850 4184 Ede
973 4151 976 4155 ·
