2910 4726
983 283 1167 364 ,len

23 549 24 558 ¹
113 467 207 534 trocli
240 477 374 534 mortem
407 467 573 544 exhibeo-M
603 467 774 548 Achillem,
807 471 977 534 Hectorem
1010 479 1167 534 mortuum

23 581 24 642 ἶ
114 575 240 638 Priamo
263 571 453 648 tradentem
484 571 639 636 foeminas
662 573 799 660 denique
822 577 979 660 Troianas
1001 577 1083 640 eirca
1105 575 1168 640 lle·

23 719 24 730 .
54 761 58 778 Β
115 680 211 741 eloris
235 675 372 742 cadaver
393 675 583 788 plangentes
599 677 656 756 ⁵³).

588 885 615 970 ᾗ.
661 888 692 950 5.

533 1006 742 1091 llllllllll.

200 1175 301 1264 Quod
323 1175 364 1241 ad
386 1180 538 1262 picturam
562 1178 680 1264 Ephesi
711 1176 826 1242 cultant
856 1180 981 1254 attinet,
1011 1177 1110 1242 multo
1133 1181 1167 1243 in

113 1286 171 1348 hac
191 1294 260 1346 arte
283 1281 358 1346 urbs
381 1291 489 1344 nostra
506 1281 666 1362 illustrior,
689 1303 780 1366 quam
797 1285 829 1346 in
844 1281 1014 1368 sculptura.
1061 1282 1166 1368 Quum

113 1391 195 1450 enim
219 1388 341 1471 pictura
364 1387 396 1448 in
412 1387 478 1470 ipsa
496 1385 631 1450 Graecia
653 1407 800 1474 magnum
816 1387 876 1470 jam
892 1385 1003 1448 florem
1017 1396 1168 1463 assecuta,

112 1494 144 1553 in
169 1493 275 1552 Asiam
298 1489 456 1551 Minorem
481 1492 569 1574 quasi
593 1488 811 1576 demigrasset,
834 1490 965 1554 lonicae
988 1510 1069 1573 qnae
1093 1487 1168 1552 dici-

113 1605 163 1658 tur
185 1575 315 1656 scholae
342 1592 488 1676 Ephesus
516 1597 686 1679 praecipua
717 1591 809 1656 sedes
838 1593 919 1657 laeta
951 1593 1056 1673 est¹).
1102 1591 1167 1656 Sed

23 1771 24 1776 η
114 1717 144 1760 et
167 1695 267 1760 multo
291 1698 455 1758 remotiori
479 1706 581 1760 aetate
598 1699 764 1784 Ephesios
787 1701 813 1760 si
836 1719 902 1761 non
926 1695 1086 1784 pingendi,
1109 1700 1169 1760 tin-

23 1793 24 1848 ἶ
112 1799 211 1888 gendi
234 1821 318 1878 sane,
342 1809 408 1862 arte
430 1798 615 1865 inclaruisse
640 1839 678 1852 -
705 1825 766 1890 qua
794 1805 827 1866 iu
850 1804 1032 1865 universum
1054 1799 1168 1886 Lydos

113 1916 144 1969 et
168 1903 269 1969 Cares
294 1901 479 1966 excelluisse
503 1905 660 1970 Homerus
682 1909 743 1993 jam
761 1903 956 1994 praedicavit
972 1906 1005 1986 2)
1022 1943 1062 1956 -
1080 1915 1112 1969 et
1131 1927 1168 1968 ex

112 2011 200 2073 minii
230 2011 311 2071 cirea
341 2007 501 2092 Ephesum
532 2007 707 2094 frequentia
737 2011 796 2091 (cl.
826 2033 850 2073 e.
875 2011 904 2089 l,
932 2009 960 2094 §.
985 2012 1019 2089 6,
1048 2031 1079 2072 n.
1102 2011 1167 2089 20)

112 2114 228 2197 conjici
257 2120 365 2196 potest
397 2119 429 2172 et
459 2109 597 2195 phaleris
632 2119 716 2200 regis
746 2113 898 2200 Agesilai,
929 2113 1048 2196 Ephesi
1078 2111 1167 2175 lactis

113 2215 314 2306 comprobari
336 2213 463 2278 videtur
478 2215 526 2292 ³),
555 2217 588 2277 in
616 2216 728 2299 quibus
752 2215 985 2278 similitudinem
1010 2213 1166 2300 quandam

113 2344 183 2385 cunr
214 2321 427 2406 antiquissima
457 2315 600 2404 tingendi
635 2319 759 2381 ratione
793 2316 876 2404 apud
906 2317 1018 2404 Lydes
1052 2311 1167 2382 usitata

113 2436 198 2489 recte
220 2426 283 2508 jam
308 2421 528 2486 animadvertit
550 2421 724 2486 Muellerus
742 2423 783 2499 ⁴).

199 2529 360 2591 Pictorum
390 2535 493 2589 autem
522 2525 731 2609 Ephesiorum
762 2527 891 2610 primus⁴
914 2536 962 2590 est
991 2525 1167 2602 Euenor,

23 2669 24 2676 .
113 2635 166 2718 qui
191 2635 275 2716 circa
298 2628 510 2715 olympiadem
534 2633 771 2718 nonagesimam
793 2628 909 2708 floruit,
934 2630 1090 2694 Parrhasii
1112 2653 1166 2715 pa·

111 2749 160 2800 ter
183 2745 277 2820 atque
299 2743 489 2820 praeceptor
504 2734 551 2814 ⁵);
579 2733 662 2798 haud
693 2733 793 2799 multo
817 2743 892 2819 post
914 2733 977 2813 (ol.
1002 2732 1102 2812 XCV,
1125 2737 1166 2812 l)

111 2849 181 2902 tota
205 2838 349 2922 Ephesus
372 2841 527 2923 pictorum
551 2837 645 2922 plena
675 2837 772 2902 luisse
804 2835 918 2902 dieitur
934 2838 983 2918 6),
1011 2840 1099 2924 cujus
1122 2847 1167 2902 tu-

109 2961 185 3006 men
209 2937 415 3006 multitudinis
444 2951 572 3027 praeter
594 2943 774 3005 Euenorem
799 2953 838 3020 et,
861 2945 913 3027 qui
943 2963 1010 3006 non
1033 2941 1167 3030 magnae

110 3044 239 3109 videtur
262 3045 455 3106 auctoritatis
474 3044 577 3120 luisse,
600 3041 759 3106 Idaeum
776 3047 818 3120 7),
842 3048 997 3108 neminem
1022 3049 1167 3108 novimus

110 3173 313 3187 -.‚..-..-.-.--

23 3259 25 3270 .
112 3243 159 3292 lulr
177 3241 314 3290 Prokeseh
332 3253 358 3301 p.
377 3235 421 3289 94.
439 3234 483 3288 95.
590 3231 641 3300 53)
661 3239 747 3300 Quum
767 3238 836 3289 enim
855 3241 923 3290 liaeo
941 3239 1096 3302 anaglypha
1112 3251 1177 3310 nna

113 3341 174 3378 cum
193 3325 291 3376 theatri
309 3325 417 3375 sedibus
435 3324 462 3374 ln
482 3337 558 3374 muro
575 3323 629 3374 iste
648 3326 786 3376 collocata
803 3325 867 3392 sint,
886 3329 914 3375 et
931 3324 991 3387 ipsa
1009 3338 1042 3374 ex
1061 3327 1166 3376 llreat-ro

114 3417 165 3466 lmc
183 3415 275 3464 delata
292 3425 366 3478 esse,
385 3411 429 3464 nbi
448 3411 589 3462 Messalini
608 3424 692 3474 opera
710 3417 797 3476 erant,
815 3416 892 3464 recte
912 3411 970 3474 quis
988 3408 1148 3476 conjecerit.

186 3512 221 3582 1)
240 3509 360 3568 'suellen
379 3518 520 3568 Amalthea
538 3513 586 3583 ΙΙΙ,
607 3529 632 3577 p.
655 3513 712 3566 123.
724 3539 754 3550 -
768 3515 865 3567 Clarae
883 3521 912 3567 et
930 3516 1054 3568 Vincunt.
1072 3519 1119 3567 l.l.
1139 3533 1165 3581 p.

114 3601 228 3657 ³93..-
247 3605 288 3654 De
311 3605 405 3654 schola
417 3595 517 3654 ‘loniea
534 3603 562 3653 ln
580 3603 735 3652 universum
753 3606 870 3654 Mueller
888 3597 912 3668 §.
934 3599 994 3670 137,
1013 3619 1039 3667 p.
1058 3602 1110 3656 133
1127 3619 1165 3656 ss.

23 3685 24 3690 ’
114 3686 147 3753 2)
166 3691 311 3756 irracrv,
331 3688 382 3740 141
401 3705 439 3740 ss.
545 3685 749 3754 e)xen0pn0n
769 3672 840 3740 laen.
863 3691 911 3756 rv,
932 3687 962 3756 1,
980 3686 1025 3740 39.
1131 3687 1166 3755 4)

114 3778 233 3827 Mueller
250 3779 330 3827 Arelr.
349 3770 373 3841 §.
393 3775 441 3844 lo,
460 3775 493 3843 3,
513 3789 538 3838 p.
557 3773 602 3826 52.
700 3770 735 3840 5)
752 3776 823 3826 Plio.
840 3777 953 3842 XXXV,
972 3773 1021 3842 36,
1043 3773 1066 3825 l.
1106 3779 1166 3826 Νο-

117 3863 256 3926 nagesimu
283 3868 374 3914 eutem
398 3861 553 3926 olymplude
571 3863 631 3912 lere
655 3889 686 3900 -
711 3865 823 3914 Euenor
848 3867 927 3925 paler
953 3866 982 3912 et
1001 3865 1180 3924 praeceptor.

115 3949 222 4000 maximi
239 3949 362 4012 pictoris.
460 3945 494 4016 6)
513 3950 635 4012 Xenoplr.
655 3949 794 4020 flelllll,
812 3948 839 4014 t,
859 3946 901 3998 ll.
1002 3943 1036 4012 7)
1054 3945 1165 4018 Φάλαρα

114 4060 146 4072 -
164 4037 224 4103 trapi
246 4031 282 4102 τῷ
308 4036 378 4102 t'rrnp
395 4030 496 4090 Ἰδαίου
520 4035 570 4088 τοῦ
593 4040 712 4107 γραφέως
734 4033 856 4102 πάγκαλα
880 4035 1003 4097 Xenoph.
1028 4035 1098 4086 nell.
1116 4035 1164 4101 lv,

114 4115 138 4184 1,
156 4117 199 4170 39.
