2866 4736
175 282 336 370 930

288 481 320 535 et
335 469 543 536 Athenienses
564 463 766 558 intelligendi
787 473 861 534 su'nt
883 491 917 534 es
940 468 993 556 qui
1015 491 1165 536 summam
1187 463 1339 534 coloniae

286 585 406 660 partem
429 573 574 640 effecisse
595 573 743 638 videntur
764 572 912 638 Arcades.
947 611 988 624 -
1022 574 1075 638 De
1097 576 1226 638 nomine
1250 594 1339 652 vero,

286 678 373 764 quod
397 678 467 742 urbi
489 677 664 741 indiderint
686 679 725 742 ci.
743 700 768 741 c.
785 679 839 755 lll,
860 677 888 762 ᾖ.
904 679 937 741 8:
982 675 1103 742 Civitas
1118 675 1246 742 vixdum
1264 697 1340 740 con-

286 781 350 846 dita
372 780 456 846 haud
479 785 584 866 parvis
607 784 711 846 statim
731 785 931 861 incrementis
947 783 1057 844 mirum
1078 783 1113 844 in
1135 778 1267 843 modum
1286 801 1339 844 au-

248 963 251 974 .
287 898 335 952 cta
358 895 414 950 est.
460 887 510 949 Eo
534 887 615 950 enim
645 885 729 949 Sami
759 888 925 970 occupatio
954 883 1123 948 referenda
1154 893 1216 960 est,
1245 905 1339 968 quam

287 1007 355 1056 curn
378 993 489 1054 vicinis
511 989 621 1053 insulis
637 990 695 1066 ²⁶),
716 991 801 1052 victo
818 999 913 1073 atque
933 986 1234 1073 expulso-Leugoro
1252 1008 1338 1074 rege,

286 1094 407 1159 Proclis
435 1093 505 1157 filio
528 1097 640 1178 (quem
671 1114 740 1156 cum
769 1091 905 1156 Caribus
935 1102 1045 1156 contra
1073 1111 1108 1154 se
1136 1093 1339 1175 conspirasse

285 1202 498 1276 accusarunt),
520 1219 579 1282 per
601 1183 710 1260 decem
729 1215 829 1258 annos
848 1205 1019 1259 tenuerunt
1033 1195 1173 1279 Ephesii.
1217 1195 1338 1256 Postea

285 1312 388 1366 autern
411 1301 516 1378 Samii,
537 1320 669 1384 quorum
698 1319 772 1383 pars
795 1299 1020 1364 Samothracen
1049 1297 1266 1388 confugerant
1281 1297 1338 1376 ²⁷),

282 1427 369 1490 pam,
393 1407 501 1468 Anaea
529 1406 563 1464 iu
592 1423 647 1466 ora
672 1404 809 1487 Ephesia
837 1413 990 1488 occupata
1019 1401 1250 1484 moenibusque
1281 1403 1338 1462 cir-

284 1507 436 1584 cumdata,
458 1509 552 1569 vitam
575 1504 806 1590 praedatoriam
823 1518 954 1594 egerant
969 1505 1025 1587 ²⁸),
1048 1505 1123 1568 hinc
1143 1507 1177 1567 in
1199 1501 1336 1567 insulam

284 1614 415 1696 patriam
438 1609 601 1673 redierunt
624 1631 755 1694 eamque
780 1614 871 1674 vietis
900 1611 1078 1696 fugatisque
1101 1607 1247 1692 Ephesiis
1270 1629 1338 1670 rur-

282 1737 336 1778 sus
360 1724 556 1799 occuparunt
571 1715 630 1794 ²⁹).
674 1715 711 1776 ln
735 1735 893 1779 oravero
917 1715 1055 1799 Ephesia
1078 1714 1208 1774 nonnisi
1231 1711 1337 1774 Mara·

284 1819 415 1881 thesium
439 1819 644 1894 retinuerunt,
667 1816 753 1901 quod
775 1817 889 1902 postea
912 1838 972 1902 pro
994 1813 1149 1900 Neapoli,
1176 1834 1259 1899 qnae
1283 1836 1336 1878 an-

220 1976 224 1980 .
283 1931 334 1983 tea
358 1922 466 1982 Anaea
490 1917 572 1981 dieta
596 1930 670 1998 erat,
694 1930 855 1983 cesserunt
870 1920 1093 2004 'Ephesiis⁸⁰).
1145 1917 1222 2002 Quo
1245 1918 1334 1983 bello

282 2023 375 2087 finito
399 2021 485 2086 aliud
502 2021 630 2085 aliunde
645 2026 787 2086 nascenti
802 2023 872 2086 urbi
886 2020 1077 2088 imminebat.
1123 2021 1224 2087 Cares
1243 2025 1335 2100 enim,

195 2211 198 2216 Ι
282 2149 363 2206 suas,
388 2125 541 2211 equibus
563 2125 647 2210 pulsi
671 2135 774 2204 erant,
803 2125 957 2190 sedes‘vi
986 2138 1079 2212 atque
1102 2129 1195 2189 armis
1218 2129 1335 2211 repeti-

192 2284 196 2296 ,
281 2233 343 2296 turi
376 2233 438 2316 jam
472 2231 660 2294 Prienenses
694 2232 836 2317 aggressi
872 2215 978 2309 ern'nt‘,
1009 2229 1121 2315 quibus
1152 2227 1334 2292 Androclus

282 2333 429 2399 auxilium
452 2333 531 2398 tulit.
577 2334 615 2396 ln
643 2355 751 2420 pugna
779 2336 917 2397 victores
946 2333 1072 2418 quidem
1097 2333 1214 2396 Grae'ci
1243 2335 1335 2398 exsti·

280 2448 394 2514 terunt,
416 2459 472 2500 rex
495 2446 598 2500 autem
622 2447 654 2500 et
675 2441 744 2522 ipse
766 2438 951 2502 interiectus
975 2447 1023 2502 est
1046 2447 1077 2500 et
1098 2458 1213 2523 magna
1229 2437 1334 2521 Ephe-

281 2545 399 2604 siorum
421 2561 494 2624 pars
517 2560 608 2601 caesa
624 2540 683 2617 81).
728 2540 921 2624 superstites
950 2541 1034 2626 regis
1066 2539 1202 2602 cadaver
1223 2542 1266 2602 iu
1280 2561 1334 2624 pa-

281 2646 371 2706 triam
394 2650 588 2726 reportatum
611 2641 696 2704 haud
718 2642 832 2725 procul
856 2643 895 2705 ab
911 2642 989 2705 urbe
1005 2641 1199 2726 sepelierunt
1215 2642 1274 2723 82).
1291 2677 1334 2688 —-

209 2768 212 2779 ·
282 2745 358 2832 Quo
382 2745 466 2807 lacto
491 2745 621 2828 Ephesii
644 2743 832 2807 seditionem
864 2753 975 2807 contra
1003 2751 1087 2832 regis
1116 2745 1202 2810 filios
1225 2766 1334 2808 move-

280 2858 355 2912 runt
380 2849 444 2928 ³³),
473 2847 506 2912 in
536 2870 610 2932 qua,
639 2869 681 2912 ne
705 2849 791 2910 hisee
818 2849 1072 2927 succumberent,
1103 2851 1201 2912 Teios
1222 2849 1273 2928 ³⁴)
1303 2858 1334 2912 et

281 2950 457 3017 Carinaeos
473 2952 522 3033 35)
545 2950 660 3015 auxilio
684 2943 886 3016 adsciverunt
908 2972 1027 3038 eosque
1048 2956 1083 3018 in
1105 2955 1263 3016 civitatem
1285 2973 1332 3015 re

280 3140 479 3148 m

169 3295 187 3315 =.
279 3244 327 3306 οὓς
340 3241 367 3299 δ’
380 3249 405 3304 23
416 3242 496 3316 ἅρχῆς
511 3253 536 3300 ἐν
547 3243 645 3319 Ἐφέσῳ
659 3249 803 3316 κατέλαβον
813 3243 950 3316 Ἐφεσίους
960 3249 1038 3318 puoh·
1049 3247 1095 3298 ubl
1107 3247 1246 3310 proximae
1258 3247 1332 3297 circa

278 3336 409 3385 sacellum
428 3336 557 3398 regiones
574 3337 767 3398 intelligendae
789 3336 921 3386 videntur.
992 3331 1045 3396 26)
1068 3335 1239 3399 Paos..Vll,
1259 3333 1287 3398 2,
1305 3330 1330 3383 8.

278 3420 313 3468 ct.
333 3422 422 3486 stura]
433 3419 451 3466 1.
469 3421 488 3467 l.
573 3416 624 3480 27)
645 3420 718 3469 suia.
737 3435 759 3469 s.
778 3436 804 3470 v.
822 3412 1036 3487 „samothrao.“
1116 3416 1169 3486 23)
1188 3421 1260 3470 Plut.
1279 3421 1330 3480 Qu.

278 3505 376 3553 Graec.
395 3503 439 3552 55.
522 3499 575 3568 29)
594 3507 674 3555 Pons.
693 3507 754 3570 vn,
773 3503 800 3570 4,
821 3504 847 3554 2.
865 3504 892 3555 3.
928 3507 998 3555 Plut.
1017 3507 1037 3555 1.
1056 3507 1075 3555 l.
1168 3502 1221 3569 30)
1240 3506 1330 3557 strat.

278 3589 297 3637 1.
315 3588 335 3636 l.
354 3587 389 3636 cf.
410 3600 434 3636 c.
452 3589 476 3652 1,
495 3581 522 3654 §.
539 3590 565 3640 5.
601 3593 691 3652 steph.
716 3593 783 3652 Byr..
808 3605 831 3640 s.
855 3605 882 3639 v.
901 3584 1007 3642 ”Alaun
1095 3586 1148 3654 31)
1167 3593 1267 3654 Ephor.
1286 3605 1328 3653 sp.

261 3674 369 3734 ¹steph.
388 3675 455 3735 Bya.
474 3675 493 3723 l.
512 3676 530 3723 1.
601 3673 654 3738 32)
680 3677 842 3738 Sepulcrum
864 3675 931 3726 vidit
953 3680 982 3726 et
1004 3677 1149 3740 descripsit
1166 3679 1248 3728 Paus.
1268 3671 1329 3742 vn,

276 3756 304 3825 2,
323 3754 349 3806 9.
368 3759 403 3808 cf.
423 3761 505 3808 tabul.
523 3761 558 3808 ll.
647 3757 698 3823 33)
717 3757 873 3829 βουλόμενοι
894 3759 1022 3828 βοήθειαν
1045 3765 1109 3827 ἴχειν
1131 3763 1200 3832 πρὸς
1223 3757 1328 3822 dstote,

277 3847 303 3894 iu
322 3845 375 3895 Τέω
394 3847 437 3895 καὶ
459 3846 575 3914 Καρίνης
598 3841 655 3908 (sle
678 3847 749 3896 enim
773 3861 823 3909 pro
847 3843 969 3916 Καρὴνης
992 3861 1026 3897 ex
1047 3849 1186 3900 Herodoto
1209 3848 1329 3900 restitult

162 3971 164 3974 .
184 3987 188 3991 ῃ
276 3929 400 3994 Berhel.)
420 3925 549 3988 ἇπόικους
566 3931 668 3997 lintion
684 3925 729 3998 ἀφ’
755 3927 789 3982 ὧν
811 3937 836 3983 lv
856 3928 954 4004 Ἐφέσῳ
979 3931 1026 3984 δύο
1052 3935 1133 4002 φυλαὶ
1156 3931 1270 3999 (βουλαὶ
1286 3947 1328 3996 ap.

277 4017 370 4076 steph.
389 4012 449 4080 est)
468 4013 518 4067 τῶν
536 4019 612 4068 πέντε
637 4016 685 4075 τὰς
704 4021 851 4087 ἐπωνυμίας
868 4021 963 4084 ἴχουσι.Ι
1032 4014 1083 4083 34)
1102 4020 1175 4070 Teos
1187 4020 1329 4086 notissima

278 4099 374 4152 Ioniae
391 4103 456 4153 urbs
474 4109 517 4154 est
534 4103 615 4154 Paos.
634 4105 708 4168 vlll,
726 4103 754 4170 3,
773 4103 798 4156 6.
887 4093 940 4170 33)
965 4103 1065 4157 (turine
1081 4105 1146 4156 urbs
1163 4105 1192 4157 in
1208 4102 1327 4167 confinio
