2910 4726
1121 299 1191 372 151

133 501 244 546 rursus
267 479 319 544 hic
340 480 504 544 nominare
533 499 665 546 necesse
688 487 744 546 eat.
797 480 989 547 Historicum
1012 484 1080 570 ejus
1102 503 1194 570 opus,

132 583 246 671 plures
273 583 373 658 libros
403 584 586 664 continens,
619 581 689 662 „de
717 581 828 650 bello
857 585 1057 651 Marsico“
1085 585 1193 652 laudat

132 685 285 752 Aurelius
307 687 421 749 Victor
436 686 495 764 ⁵¹).

223 789 320 862 Hisce
331 790 434 852 atatim
446 787 635 875 subjungam
649 787 939 854 Artemidorum
954 788 1190 878 Geographum,

132 911 228 976 quem
244 893 326 954 circa
342 889 566 976 olympiadem·
575 890 705 956 CLXIX
720 895 834 956 vixisse
849 902 969 957 certum
982 903 1030 958 est
1040 895 1093 976 ⁵²).
1119 895 1190 958 Pe-

133 993 286 1078 riplum
313 996 407 1058 maris
429 996 511 1058 intra
535 993 648 1058 fretum
671 994 863 1060 Herculeum
885 1015 1093 1082 magnacum
1116 1018 1197 1060 cura·

131 1096 283 1162 undecim
304 1096 392 1162 libris
414 1105 599 1182 persecutus
623 1107 684 1175 est,
714 1120 807 1183 quem
837 1097 984 1162 omnihus
1006 1097 1075 1161 aliis
1098 1121 1189 1184 prae·

131 1199 240 1266 ferens
263 1203 297 1265 in
313 1203 473 1286 epitomen
487 1197 612 1286 redegit
629 1201 811 1264 Marcianus
828 1199 1017 1264 Heracleote
1035 1201 1091 1281 58).
1129 1201 1187 1264 Ar·
1260 1247 1266 1254 ·

131 1303 324 1368 ternidorum
349 1305 433 1368 enim
461 1325 532 1366 cum
555 1302 714 1368 Strabone
744 1313 776 1367 et
798 1303 956 1389 Menippo
978 1302 1187 1388 Pergameno,

132 1411 284 1484 omnium,
306 1409 359 1491 qui
382 1415 475 1470 antea
498 1403 539 1470 da
556 1406 753 1493 geographia
768 1408 970 1492 scripserunt,
992 1403 1091 1491 longe
1107 1407 1189 1490 opti-

130 1532 216 1574 mum
239 1508 323 1574 idem
338 1509 520 1574 Marcianus
544 1512 668 1596 censuit
684 1511 741 1588 ⁵⁴).
786 1509 907 1594 Operis
930 1506 1040 1571 titulus
1062 1505 1190 1571 videtur

131 1607 422 1710 Tcwyputpodpcuo
435 1611 533 1674 luisse
541 1612 592 1689 ⁵⁵),
604 1632 737 1696 quorum
749 1610 893 1698 singulos
905 1604 1022 1692 λόγους
1033 1608 1187 1692 modo⁵⁶),

131 1713 230 1780 modo
253 1714 370 1797 βιβλία
385 1715 443 1793 ⁶⁷),
465 1712 563 1778 modo
592 1715 685 1776 etiam
714 1716 920 1798 epitomen
950 1713 1044 1775 citata
1066 1713 1187 1775 inveni-

131 1839 200 1884 mus
217 1818 275 1896 ⁵⁸).
320 1817 415 1882 Hunc
437 1815 477 1882 ad
500 1815 746 1902 recuperandos,
769 1835 850 1901 quos
868 1812 1030 1901 publicani
1053 1834 1188 1898 occupa-

130 1929 252 2001 verant,
274 1918 399 1988 lacuum
421 1918 660 1984 Selenusiorum
682 1918 803 1984 reditus
825 1920 959 1982 Romam
981 1917 1113 2002 Ephesii
1134 1917 1189 1980 mi-

130 2032 243 2088 serunt
264 2026 312 2103 (c.
335 2023 374 2101 ll,
396 2023 424 2107 §.
447 2025 504 2104 9),
533 2021 621 2106 quod
650 2044 746 2106 quum
775 2025 975 2107 impetrasset
1003 2040 1129 2084 auream
1158 2020 1188 2082 ei

130 2130 165 2192 in
185 2126 259 2190 loro
275 2134 408 2192 statuam
424 2123 612 2190 dedicarunt
627 2125 679 2204 ⁵⁹).
713 2126 844 2188 Praeter
862 2123 923 2188 elia
938 2125 1055 2206 scripta
1071 2121 1188 2186 Com-

130 2232 356 2296 mentarios
380 2230 472 2294 etiarn
489 2227 529 2292 de
552 2227 715 2314 legatione
738 2247 795 2290 sua
818 2224 932 2290 dicitur
953 2222 1119 2308 reliquisse
1136 2221 1186 2300 ⁶⁰),

131 2332 265 2400 eosdem
294 2332 444 2412 fortasse,
473 2349 554 2417 quos
583 2329 765 2396 Athenaeus
795 2325 935 2412 appellat
953 2315 1081 2388 Ἰωνικὰ
1109 2317 1187 2386 ὑπο-

130 2432 292 2522 μνήματα
308 2435 366 2514 61)·

521 2669 582 2752 lll.
629 2663 799 2750 llllllllil.

222 2856 415 2924 Medicinam
437 2875 634 2944 magnopere
658 2852 776 2938 Ephesi
807 2846 922 2913 cultam
952 2845 1050 2910 fuisse
1073 2852 1105 2908 et
1127 2842 1187 2907 fre
1300 2862 1306 2870 ·

132 2971 278 3050 quantes,
300 2983 381 3048 quos
403 2963 465 3047 jam
487 2957 675 3034 referemus,
704 2951 819 3018 medici
846 2947 984 3014 illustres
1014 2947 1133 3012 docent
1156 2963 1188 3010 et

132 3065 272 3134 familiae
293 3063 446 3150 quaedam
469 3055 672 3133 medicorum,
696 3077 784 3140 quae,
807 3074 877 3116 cum
897 3049 1078 3133 Aesculapii
1100 3047 1188 3115 cultu

204 3246 258 3316 61)
276 3253 317 3302 Da
335 3249 442 3315 origine
462 3249 541 3302 tient-
559 3247 637 3297 an.
656 3255 680 3294 o.
698 3242 745 3292 lx.
773 3236 948 3306 „Alexander
965 3232 1100 3296 Ephesius
1117 3231 1188 3284 libro

133 3339 221 3404 primo
239 3337 308 3390 salli
325 3326 467 3389 Marsici“.
579 3325 633 3393 52)
656 3326 788 3378 marcian.
811 3321 921 3375 Heracl.
944 3335 970 3382 p.
992 3317 1028 3370 63
1046 3313 1187 3382 (fludson.

133 3427 237 3489 Geogn
255 3419 340 3482 Mla.)
359 3421 484 3476 oodwell
502 3420 536 3470 de
553 3417 725 3480 Agatharcho
744 3409 827 3476 (dias.
846 3422 872 3470 p.
892 3406 945 3471 111,
969 3402 1002 3454 17
1022 3417 1065 3466 ap.
1084 3397 1187 3464 Euda.)

133 3523 206 3562 auno
224 3507 357 3562 Varronis
375 3503 436 3560 650.
455 3501 506 3558 661
526 3502 660 3566 periplum
677 3494 840 3569 Artemidori
863 3491 962 3544 editum
985 3501 1048 3542 esse
1074 3499 1188 3548 compu-

134 3595 212 3646 tavit.
289 3590 340 3655 53)
359 3593 398 3644 lb.
416 3605 443 3652 1).
461 3589 505 3640 65.
586 3582 740 3650 54)1b.p.
759 3581 802 3634 63.
883 3569 1188 3658 55)auen.y111,p.

134 3678 196 3746 432,
216 3680 237 3730 t.
272 3679 438 3742 Fragmenta
456 3675 574 3726 collecta
592 3674 656 3724 aunt
674 3671 745 3732 apud
758 3668 878 3718 Hudson.
914 3661 1085 3714 Pecruiarem
1102 3660 1136 3708 de
1154 3669 1188 3708 eo

134 3765 232 3818 utrum
250 3762 362 3825 scripsit
380 3765 408 3814 S·
427 3749 580 3816 Hoffmann.
679 3749 731 3820 66)
750 3753 842 3814 steps.
860 3752 927 3811 Byr.
947 3761 970 3797 s.
988 3759 1015 3795 v·
1033 3746 1188 3809 ,meneru-

134 3841 234 3912 acop.“
314 3842 466 3910 67)16.ι.
485 3860 511 3896 ιι.
532 3834 675 3911 ,,6ιιιιιο“.
756 3832 809 3900 68)
833 3836 872 3886 16.
890 3847 914 3884 a.
931 3845 957 3883 v.
976 3819 1095 3895 „crya“
1116 3824 1188 3878 stm-

136 3934 244 3997 pltctter
263 3926 363 4000 ἑβδόμῳ
382 3946 405 3982 a.
423 3945 450 3982 v.
468 3917 685 3998 „uiaponesum
702 3925 749 3976 vel
767 3921 850 3974 etlam
873 3911 961 3987 πρύτῃ
981 3927 1004 3963 a.
1023 3926 1049 3961 v.
1068 3909 1189 3977 „cabal-

100 4012 223 4084 xltna‘fi
294 4011 348 4082 69)
366 4017 454 4074 suan
476 4030 501 4078 p.
521 4012 582 4066 642.
653 4005 705 4076 66)
723 4011 762 4060 16.
781 4021 807 4070 ιι.
825 4000 887 4058 oto.
958 3991 1012 4063 61)
1029 3997 1126 4052 Atten-
1141 3993 1190 4057 ur,

137 4120 163 4168 ρ.
183 4103 245 4170 ιιι,
264 4107 288 4154 ι.
