2910 4726
295 315 364 398 174

292 510 411 572 moriae
434 502 567 569 traditur
584 505 647 584 26);
671 515 766 568 octo
786 505 867 568 enim
890 501 964 568 illae
984 515 1072 568 erant
1088 513 1119 568 et
1133 503 1243 568 viridis
1260 505 1347 570 colo-

291 616 343 690 ris,
366 609 452 697 quod
475 612 508 673 in
532 607 790 693 opistbodomum
814 607 914 672 multo
937 607 1049 672 melius
1075 607 1223 693 quadrat,
1255 631 1346 694 quam

291 719 324 780 in
348 713 467 790 cellam,
490 731 570 797 quae
594 710 757 776 columnas
786 711 910 776 candidi
941 714 1102 776 marmoris
1131 711 1281 776 habuisse
1303 715 1349 776 vi·

292 817 393 882 detur.

378 919 528 984 Ultima
552 919 689 1004 denique
712 918 873 997 columna,
902 941 992 1005 quaa,
1021 921 1047 982 si
1075 941 1239 983 numerum
1264 918 1347 1005 apud
1391 921 1396 935 '

290 1023 425 1088 Plinium
448 1045 515 1088 non
538 1035 706 1099 mutamuS,
736 1033 896 1107 superest,
924 1041 1011 1107 pone
1033 1026 1136 1108 ipsum
1160 1023 1286 1086 Dianae
1309 1026 1348 1086 si-

290 1127 460 1191 mulacrum
484 1125 637 1190 collocari
660 1136 781 1211 potest;
805 1123 901 1210 quod,
925 1147 1020 1210 quum
1043 1128 1076 1196 iu
1099 1128 1282 1188 universum
1302 1128 1346 1189 iu·

290 1231 430 1316 aequalis
460 1229 674 1294 columnarum
704 1231 825 1291 numeri
861 1227 1002 1313 exempla
1034 1249 1230 1314 nequaquam
1260 1232 1347 1293 inau-

289 1334 353 1398 dita
383 1335 525 1414 sint²⁷),
555 1337 645 1397 etiam
675 1335 708 1396 in
733 1330 891 1416 Apollinis
915 1333 1055 1417 Epicurii
1083 1331 1204 1418 templo
1239 1333 1345 1398 obser·

227 1421 236 1432 ⁸
288 1461 364 1502 vare
387 1437 470 1515 licet,
493 1435 580 1522 quod
603 1438 709 1500 Bassia
734 1445 781 1499 est
796 1437 855 1516 ²⁸).

376 1544 497 1606 Hirtius
520 1550 630 1603 contra
653 1539 850 1626 inaequalem
875 1537 1090 1604 columnarum
1114 1559 1278 1602 numerum
1301 1543 1346 1603 in·

288 1644 429 1709 auditum
459 1665 588 1728 prorsus
619 1646 796 1707 existimans
824 1664 884 1729 pro
915 1641 1065 1709 CXXVII
1095 1639 1179 1727 apud
1208 1641 1345 1708 Plinium

289 1747 454 1814 CXXVlll
476 1746 556 1833 legit
571 1747 633 1827 ²⁰),
664 1767 778 1832 easque
809 1757 932 1812 centum
961 1747 1074 1833 viginti
1104 1757 1137 1809 et
1158 1754 1234 1810 octo
1258 1745 1347 1811 colu-

287 1871 376 1913 mnas
399 1853 441 1914 ita
465 1849 636 1924 distribuit,
660 1861 695 1914 ut
716 1854 917 1938 septuaginta
941 1860 974 1913 et
995 1870 1050 1912 sex
1072 1849 1105 1911 in
1127 1851 1255 1935 porticu
1279 1849 1346 1913 lue·

286 1956 358 2028 rint,
381 1952 589 2036 quadraginta
613 1961 645 2014 et
667 1964 804 2035 quatuor
817 1957 850 2016 in
869 1953 947 2017 cella
966 1989 1006 2016 e-
1024 1955 1103 2014 mira
1119 1955 1201 2016 enim
1217 1955 1345 2017 ratione

287 2058 321 2118 in
344 2065 479 2139 utroque
503 2052 603 2117 cellae
632 2052 731 2118 latere
760 2053 919 2140 duplicem
948 2054 1095 2119 undecim
1127 2054 1344 2120 columnarum

287 2161 399 2224 seriem
421 2159 529 2243 posuit
546 2181 602 2233 —3
625 2160 658 2220 iu
681 2157 909 2242 opistbodomo
927 2169 1031 2222 autem
1055 2157 1137 2222 duae
1160 2169 1192 2222 et
1214 2162 1345 2244 inpro-

287 2283 350 2326 nao
380 2283 433 2327 sex
462 2260 624 2324 columnas
655 2265 776 2347 posuit,
805 2261 951 2348 neglecta
979 2283 1109 2347 prorsus
1145 2284 1182 2326 ea
1209 2266 1344 2338 rationu,

287 2389 378 2451 quum
401 2369 484 2429 inter
507 2363 618 2428 cellam
643 2375 674 2428 et
696 2385 850 2449 pronaum
867 2364 1063 2429 intercedere
1082 2365 1229 2429 debuisse
1252 2389 1344 2451 prac-

287 2472 372 2555 cepit
395 2471 559 2533 Vitruvius
575 2469 632 2545 ³⁰).
659 2507 698 2518 —
723 2467 833 2531 Lesbii
857 2467 995 2554 denique
1018 2465 1264 2533 delineationem
1289 2490 1344 2532 ne-

286 2594 440 2656 quaquam
463 2575 553 2656 sequi
576 2572 664 2649 licet,
694 2575 812 2658 quippe
835 2593 915 2657 quae
940 2572 1085 2637 omnibus
1108 2572 1175 2636 fere
1198 2587 1343 2636 veterum

287 2676 475 2737 testimoniis
499 2678 649 2759 opposita
672 2667 713 2736 'sit
728 2675 787 2754 ³¹).

375 2779 537 2840 Tectum
561 2777 683 2861 templi,
703 2775 798 2859 quod,
820 2785 855 2839 ut
877 2775 1036 2842 lacunaria
1050 2779 1266 2844 Vitruvius
1283 2781 1342 2858 ³²),

286 2899 304 2940 e
339 2875 474 2940 cedrinis
509 2879 650 2943 trabibus
679 2879 775 2940 luisse
811 2878 948 2942 allirmat
976 2880 1097 2946 Plinius
1121 2883 1185 2961 ³³),
1215 2882 1341 2948 scalis

285 2978 510 3060 scandebatur,
539 3002 631 3067 quas,
660 3002 722 3045 uua
752 3001 770 3044 e
798 2983 863 3046 vite
892 2981 1015 3069 Cypria
1044 2985 1142 3049 iactas
1158 2986 1218 3066 ³⁴),
1256 2989 1342 3052 iuter
1446 2999 1447 3010 ¹

353 3189 408 3260 26)
425 3199 585 3260 anonymus
604 3198 637 3246 de
656 3198 723 3247 aede
736 3199 854 3247 sauctae
868 3198 984 3260 sopitae
1003 3211 1046 3261 ap.
1065 3199 1182 3252 Bauduri
1196 3200 1340 3263 imperium
1446 3161 1447 3214 l

284 3281 426 3336 orlentale
444 3283 519 3334 Tum.
537 3284 560 3348 l,
579 3284 626 3348 lv,
646 3297 670 3346 p.
690 3280 725 3334 66
748 3295 774 3334 n.
795 3279 858 3334 186:
884 3281 947 3342 τοὺς
971 3285 997 3336 dl
1021 3278 1089 3336 ὄκτώ
1114 3288 1257 3355 πρασίνους
1280 3289 1339 3338 ulo-

283 3387 329 3428 νας
346 3365 409 3425 τοὺς
427 3361 668 3436 ἆξιοθαυμὰστους,
692 3363 792 3436 ἐκόμισε
811 3369 996 3427 Κωνστατῖνος
1019 3370 1165 3440 στρατηγὸς
1189 3365 1244 3422 ἀπὸ
1260 3365 1339 3441 ’Epa‘-

284 3470 332 3503 oou
348 3453 580 3521 λελατομημέιόυς.
618 3451 659 3502 Cf.
677 3455 794 3504 Bandur.
813 3457 888 3505 Tom.
908 3456 942 3522 ll,
961 3469 988 3518 p.
1007 3453 1067 3506 770.
1138 3449 1190 3520 27)
1210 3459 1338 3508 Sluclsel-

284 3539 351 3600 berg
375 3539 575 3599 Apollotempel
598 3535 697 3612 psal:
726 3539 796 3606 „mr
824 3541 867 3592 dio
891 3541 1016 3605 Stelluug
1045 3541 1124 3592 einer
1151 3542 1337 3593 einzelnen

283 3623 388 3672 saule
411 3621 439 3670 iu
463 3623 511 3672 der
533 3622 613 3672 Mitte
636 3623 712 3688 giebt
735 3639 766 3676 es
789 3629 856 3676 auch
879 3626 906 3675 in
931 3629 1031 3677 andern
1052 3629 1268 3679 Musterwerkcu
1289 3630 1339 3679 der

281 3708 421 3758 Bautrunst
439 3701 600 3770 Belsplelc‘·.
671 3707 724 3776 28)
743 3713 880 3763 Staclrelb.
897 3711 962 3762 ibid.
981 3715 1046 3765 'fab
1064 3715 1111 3765 lv.
1131 3715 1165 3780 V,
1184 3712 1210 3763 5.
1281 3709 1338 3776 29)

282 3793 348 3857 Pag.
367 3791 411 3843 ut.
483 3789 536 3856 30)
554 3794 657 3846 Archit.
675 3797 725 3865 vl,
744 3795 770 3848 4.
807 3796 849 3848 ct.
867 3797 938 3848 Hirr.
957 3812 982 3861 p.
1000 3797 1045 3849 25.
1126 3793 1179 3862 31)
1198 3799 1265 3850 Asia
1282 3800 1337 3849 ni-

217 3905 222 3915 ·
281 3893 333 3930 uor
352 3895 376 3943 p.
394 3876 457 3931 351.
495 3878 536 3930 ci.
555 3895 582 3944 p.
600 3877 661 3932 343.
680 3879 741 3934 347.
830 3879 887 3947 32)
905 3885 1007 3936 Arebtt.
1025 3885 1060 3951 n,
1080 3882 1106 3936 9.
1191 3881 1244 3947 33)
1263 3886 1337 3936 illst.
1445 3879 1446 3890 ¹

281 3966 343 4015 Nat.
362 3967 436 4032 xvi,
456 3963 500 4016 79.
571 3962 626 4030 34)
644 3967 734 4019 Etiam
752 3981 823 4020 nunc
846 3971 931 4021 scalis
954 3975 1054 4022 tectum
1077 3971 1213 4036 Ephesiae
1231 3971 1337 4027 Dianae

282 4049 423 4124 scanditur
438 4063 495 4102 una
513 4065 532 4102 e
547 4053 603 4104 vite
622 4052 735 4121 cypria,
753 4056 899 4122 atterunt,
917 4058 1043 4121 quonlam
1060 4058 1097 4110 ur
1116 4061 1149 4110 ad
1161 4059 1336 4122 praecipuam

281 4135 491 4198 magnitudinem
511 4145 611 4191 exermt
629 4140 698 4190 Ptin.
718 4143 792 4206 XIV,
810 4140 836 4192 2.
926 4183 933 4195 ,
1235 4133 1240 4148 ’
