2866 4736
1091 214 1142 345 sr'

80 458 181 534 traxit
196 455 255 534 ⁷⁹),
276 463 309 540 et
330 454 562 550 Xenophontis,
578 433 685 540 'cujus'
696 457 806 520 intima
827 457 962 521 amicitia
986 456 1140 538 utebatur,
1186 451 1195 460 “

80 558 239 624 militibus
262 577 457 646 magnopere
479 562 565 624 auxit
578 560 634 638 80).
681 558 793 644 Quare
818 568 938 624 tantum
966 561 1001 624 in
1031 571 1140 626 nostra

81 662 167 730 urbe
191 664 414 726 commercium
436 673 541 727 ortum
562 661 697 740 videtur,
719 655 1031 749 utspleudidissimis
1053 664 1140 730 urbis

81 765 286 854 temporibus
307 765 389 830 hanc
411 775 546 831 aetatem
574 785 782 831 annumerare
810 768 969 852 possimus
985 767 1048 849 ⁸¹):
1088 769 1140 834 Ne
1214 841 1216 846 ,

81 889 166 935 vero
191 871 341 934 exercitui
362 878 517 955 perpetua
540 868 667 934 deesset
689 872 881 948 exercitatio,
903 874 1072 936 certamina
1095 875 1142 936 in·

81 975 190 1038 stituit
212 972 379 1060 Agesilaus
400 977 603 1059 praemiaque
628 971 802 1036 victoribus
830 977 1012 1059 proposuit,
1040 977 1142 1039 itaut

81 1076 190 1142 stadia
220 1087 253 1140 et
280 1075 482 1162 hippodromi
509 1075 726 1164 pugnantibus
759 1095 928 1161 numquam
947 1077 1142 1147 ,desereren-

82 1191 137 1246 tur
149 1181 208 1259 ⁸²).
255 1180 303 1242 Ac
325 1191 366 1244 n'e
388 1180 460 1246 Dea
488 1179 615 1266 quidem
643 1178 791 1267 neglecta
817 1189 882 1254 est3
911 1177 1028 1244 multae
1058 1183 1141 1246 enim

83 1284 220 1348 diutiae
234 1287 268 1347 in
284 1282 403 1369 templo
419 1281 584 1370 depositae
595 1284 655 1364 ⁸⁸),
677 1285 880 1356 certaminum
896 1286 1036 1368 praemia
1051 1285 1141 1349 Deae

84 1411 104 1452 a
127 1387 305 1453 victoribus
329 1385 482 1466 dedicata,
502 1397 677 1473 perpetuae
706 1385 843 1471 denique
870 1407 1009 1473 pompae
1031 1389 1064 1450 in
1086 1388 1143 1451 ho-

84 1513 201 1556 norem
232 1493 301 1576 ejus
330 1491 506 1565 institutae;
534 1493 578 1554 ita
606 1499 642 1554 ut
669 1511 756 1554 nunc
782 1488 911 1554 tandem
937 1489 1048 1556 urbem
1071 1491 1143 1555 Dea

85 1594 220 1684 dignam
248 1596 348 1658 visam
377 1614 447 1657 esse
476 1591 613 1657 affirmet
640 1593 822 1678 Xenophon
844 1593 901 1674 ⁸⁴).
957 1593 1034 1677 Quo
1063 1613 1142 1657 vero

85 1698 207 1790 laetior
230 1706 358 1762 externa
380 1695 467 1759 urbis
490 1698 614 1780 speeies
636 1705 712 1774 erat,
735 1715 775 1772 eo
798 1697 919 1760 tristior
934 1700 1077 1762 internus
1094 1717 1143 1760 re·

86 1823 157 1867 rum
180 1800 380 1887 publicarum
402 1808 502 1863 status
523 1798 627 1864 indies
650 1799 751 1864 lactus
777 1810 839 1875 est;
869 1819 941 1864 nam
964 1819 1067 1884 neque
1089 1798 1144 1872 de-

86 1907 251 1982 mocratia,
274 1903 374 1989 qualis
398 1912 490 1966 antea
512 1901 624 1981 luerat,
649 1903 779 1990 vigebat
799 1902 942 1990 amplius,
964 1923 1068 1988 neque
1091 1902 1144 1970 de·

87 2009 249 2086 mrehiae,
279 2027 356 2092 quas
378 2004 546 2090 Lysander
575 2004 650 2070 olim
677 2009 869 2086 instituerat,
895 2010 1032 2071 intectae
1054 2017 1146 2074 erant

89 2113 152 2191 (cl.
166 2133 274 2198 ¹supra
296 2110 324 2195 ξ.
347 2111 415 2188 hat,
436 2129 468 2174 n.
491 2111 566 2189 39.)
589 2111 695 2187 omnia
722 2110 905 2174 in⁸militari
927 2109 1070 2196 Agesilai
1089 2113 1144 2173 im·

89 2219 183 2303 perio
206 2217 313 2301 posita
336 2209 426 2292 erant
440 2212 498 2291 ⁸⁵).
545 2211 678 2276 Accedit
699 2212 794 2296 quod,
817 2233 911 2297 quum
933 2220 1058 2274 veteres
1081 2213 1145 2294 Ly-

91 2317 204 2384 sandri
225 2319 315 2382 amici
336 2317 429 2394 huuc,
451 2323 487 2380 ut
501 2313 682 2379 decerebias
697 2317 884 2392 restitueret,
905 2311 993 2376 adire
1008 2333 1076 2376 non
1092 2311 1146 2376 de·
1171 2321 1174 2334 ¹

90 2427 243 2500 sinerent,
265 2424 309 2484 ita
330 2429 367 2484 ut
388 2423 458 2506 ipse
480 2439 549 2496 rex,
576 2415 744 2504 Agesilaus
771 2426 874 2481 autern
895 2417 1036 2502 privatus
1058 2414 1146 2478 vide·

90 2537 190 2604 retur,
211 2534 300 2590 tanta
320 2527 404 2588 inter
425 2521 522 2586 duces
551 2519 766 2584 dissensiones
795 2529 884 2584 ortae
910 2528 996 2596 sunt,
1025 2527 1061 2582 ut
1082 2517 1147 2604 Ly-

90 2630 211 2697 sander
230 2626 341 2714 paullo
364 2635 447 2713 post,
468 2626 576 2712 regiae
598 2624 778 2687 auctoritati
803 2621 920 2686 cedens
943 2619 1147 2688 Chersonne-

92 2757 161 2800 sum
185 2751 257 2798 sese
280 2728 451 2794 contulerit
466 2729 523 2808 86“).
548 2763 588 2778 -
613 2727 708 2791 Anno
732 2728 779 2790 sic
801 2735 834 2790 et
854 2724 1047 2811 inpetrando
1064 2737 1097 2790 et
1113 2723 1152 2790 in'

93 2834 241 2925 gerendo
264 2832 353 2898 bello
375 2841 516 2918 peracto,
547 2869 586 2882 -
616 2829 861 2916 Tissaphernem
884 2831 981 2908 euim,
1004 2831 1058 2914 qui
1081 2828 1149 2893 foe

93 2940 152 3004 dus
176 2940 296 3025 primus
318 2935 474 3022 fregerat,
495 2937 529 3000 in
551 2933 647 3000 Caria
667 2935 731 3018 jam
752 2935 828 2996 vicit
843 2934 892 3012 87)
915 2969 956 2984 -
981 2930 1148 3018 Agesilaus

94 3044 240 3128 proximo
262 3061 344 3105 vere
361 3041 467 3119 (395)
489 3039 601 3102 Persas
624 3035 665 3100 ad
679 3034 867 3099 Sardianum
889 3036 1063 3118 superavit;
1087 3053 1148 3116 qua

167 3211 220 3280 79)
238 3207 363 3280 lienoph.¹
380 3216 453 3268 Heli.
469 3215 520 3282 111,
538 3210 566 3280 «l,
588 3209 629 3261 11.
649 3207 690 3260 16.
780 3203 832 3271 80)
851 3208 920 3258 lien.
938 3209 958 3257 l.
977 3207 997 3256 1.
1018 3232 1049 3244 -
1067 3206 1150 3272 Πίος.

95 3305 189 3355 baert.
207 3301 235 3352 ln
252 3303 321 3353 Xeu.
341 3295 366 3368 §.
385 3298 410 3350 7.
429 3302 504 3369 φίλος
522 3291 553 3365 ἦν
571 3300 608 3358 εἰς
633 3291 788 3364 ὑπερβολὴν.
877 3287 1022 3356 81),11οο.
1046 3291 1099 3358 111,
1123 3288 1150 3342 4.

97 3387 140 3440 17.
160 3385 201 3442 Ἥ
223 3407 252 3439 τε
276 3386 326 3457 γὰρ
349 3379 433 3455 ἀγορὰ
456 3378 488 3452 ἦν
510 3383 592 3454 μεστὴ
615 3379 792 3434 παντοδαπῶν
818 3379 862 3429 καὶ
884 3377 970 3430 ἵππων
993 3377 1038 3463 pol
1065 3371 1151 3427 dulor

96 3469 186 3528 dulos·
201 3473 231 3525 οἳ
241 3491 268 3524 τε
280 3467 446 3538 χαλκοτύποι
458 3472 503 3522 nol
520 3474 547 3520 ol
564 3473 682 3526 τέκτονες
700 3467 744 3518 καὶ
762 3468 788 3517 ol
797 3466 901 3531 χαλκεῖς
918 3465 962 3516 καὶ
973 3466 1006 3540 Ιοἱ
1024 3461 1153 3516 σκυτοτό-

95 3580 143 3629 μοι
161 3561 208 3611 καὶ
226 3562 253 3612 οἱ
271 3554 404 3629 ζωγράφοι
414 3554 511 3615 πάντες
523 3553 650 3624 πολεμικὰ
664 3550 731 3606 ὅπλα
744 3549 942 3611 κατεσκεύαζον.
1013 3546 1065 3612 82)
1083 3551 1153 3601 Xen-

97 3646 133 3696 11.
151 3640 179 3712 §.
200 3642 241 3696 18.
261 3645 297 3696 ct.
316 3640 341 3711 §.
360 3641 403 3695 19.
423 3647 451 3695 et
468 3645 631 3706 Polyaen.
649 3640 677 3692 in
696 3641 748 3702 Ag.
819 3631 871 3700 83)
890 3635 934 3686 cf.
956 3634 1035 3698 mog.
1061 3636 1154 3686 baert.

97 3733 117 3782 l.
136 3733 156 3782 1.
176 3724 201 3796 §.
220 3727 246 3782 8.
266 3731 321 3796 (ο1.
339 3743 364 3781 c.
383 3732 432 3797 111,
451 3725 475 3796 §.
493 3725 548 3794 9.).
636 3722 691 3790 84)
716 3723 811 3776 Omnia
831 3722 906 3774 uince
924 3718 1014 3770 verbis
1031 3719 1154 3779 comple-

97 3817 184 3868 ctitur
209 3815 339 3886 πολεμικὰ
362 3809 478 3878 ἀσκοῖεν,
504 3809 660 3884 πειθάρχειν
682 3808 821 3881 μελετῷεν,
849 3804 931 3864 θεοὺς
954 3805 1071 3870 σέβοιντο
1095 3802 1113 3849 1.
1137 3802 1155 3852 1.

97 3900 157 3968 85)
174 3903 245 3953 Xen.
264 3901 301 3952 lb.
320 3897 344 3968 §.
362 3899 389 3951 7.
460 3897 726 3967 amelrengem.
745 3891 771 3946 7.
790 3891 817 3945 8.
829 3895 946 3944 -Xem
965 3891 983 3940 1.
1002 3889 1021 3938 Ι.
1040 3883 1064 3952 §.
1078 3883 1156 3938 7-8.

74 4059 79 4072 .
103 3983 406 4068 {intutu-15.
938 4056 956 4098 *
