2910 4726
1109 309 1180 382 183

123 483 219 554 ΕΡΩ
234 488 401 574 insignitis,
423 509 504 572 quae
526 485 713 552 hodiernum
737 508 838 574 nsque
857 489 943 554 diem
964 491 998 556 in
1019 513 1110 558 muro
1134 513 1181 556 ar·

123 593 168 654 cis
191 589 325 675 Ajasluls
346 589 459 677 oppidi
483 601 722 678 cognoscuntur
744 591 925 672 (Prokesch
948 617 978 679 p.
1000 597 1098 676 94).’

211 694 249 758 ln
270 695 397 760 sinistra
420 703 525 758 autem
547 691 658 779 paullo
681 715 775 780 supra
797 695 900 760 iorum
922 717 1071 784 maguum
1093 697 1178 762 aedi-

122 797 230 862 ficium
259 800 401 882 seqnitur
424 798 514 877 (27),
542 819 561 860 a
591 796 663 860 loro
686 800 736 862 ria
770 797 904 883 quadam
933 809 1122 886 separatum,
1146 811 1178 868 et

122 903 235 965 ruinae
257 899 434 966 nonnullae
462 903 546 966 inter
568 921 645 985 quas
673 903 725 964 via
753 899 914 986 quondam
936 901 977 966 ad
999 902 1178 970 aedificium

124 1003 205 1069 illud
228 987 412 1090 perduxisse
434 1001 573 1081 videtur,
603 1006 692 1090 cujus
714 1001 874 1088 relliquias
897 1025 992 1089 supra
1014 1004 1178 1092 descripsi-

121 1129 190 1172 mus
213 1111 308 1188 (19).
359 1107 453 1191 Quae
474 1107 530 1189 ubi
552 1109 634 1172 viam
656 1106 863 1193 principalem
885 1109 995 1194 tangit,
1017 1107 1116 1173 altera
1139 1132 1178 1174 ex
1269 1115 1276 1130 '

120 1221 212 1297 parte
235 1213 383 1297 opposita
414 1221 463 1276 est
491 1213 635 1295 porticus
658 1212 743 1291 (28)
764 1209 874 1296 paullo
903 1231 998 1296 supra
1019 1211 1177 1278 theatrum

120 1319 189 1394 sita,
219 1335 350 1400 eamque
379 1315 539 1399 excipiunt
568 1316 676 1401 magni
704 1313 866 1400 cujusdam
895 1311 1033 1378 aedilicii
1066 1317 1178 1380 ruinae

121 1420 221 1484 coctis
244 1417 396 1484 lateribus
422 1419 569 1482 exstructi
591 1419 685 1498 (29).

209 1522 287 1586 Non
314 1519 427 1607 procul
456 1519 497 1584 ab
526 1521 590 1584 hoc
617 1519 765 1584 aedificio
794 1521 876 1584 viam
902 1519 1108 1607 principalem
1138 1542 1175 1588 ex

120 1626 246 1690 oriente
269 1623 329 1688 alia
348 1627 398 1688 ria
421 1621 538 1688 scindit
558 1625 639 1705 (30),
665 1645 748 1710 quac
770 1622 811 1688 ad
833 1626 914 1688 muri
935 1623 1100 1690 orientalis
1122 1645 1176 1688 an-

16 1767 18 1792 .
119 1727 230 1814 gulnm
253 1725 532 1813 septentrionalem
564 1749 733 1792 excurrens
762 1735 856 1812 porta
884 1725 994 1812 linitur
1016 1730 1086 1808 (6),
1113 1749 1174 1812 qua

119 1834 170 1896 via
201 1829 241 1895 ad
271 1830 422 1916 templum
451 1839 484 1896 et
505 1828 622 1895 Sardes
653 1850 763 1895 versus
792 1828 1068 1914 proficiscentibus
1098 1841 1175 1896 erat·

120 1934 169 1998 Ab
194 1935 255 1998 lrac
275 1955 409 2021 magnac
425 1933 677 2000 substructiones
692 1935 724 1996 in
740 1936 820 1996 muri
835 1932 966 1998 medum
988 1936 1177 2020 septentrio-

119 2057 191 2102 nem
213 2059 324 2102 versns
348 2048 517 2100 excurrunt
538 2039 631 2118 (31),
654 2059 732 2122 quas
754 2057 814 2122 pro
838 2035 1051 2102 fundamentis
1074 2040 1174 2123 porti·

120 2163 175 2206 cns
198 2139 283 2206 illius
306 2138 505 2225 accipiendas
529 2159 661 2218 censeo,
690 2161 751 2223 qun
780 2139 892 2204 urbem
920 2138 1081 2224 quondam
1104 2161 1175 2204 cum

119 2243 240 2331 templo
270 2245 435 2330 conjunxit
467 2242 641 2307 Damianus
673 2242 823 2328 sophista.
885 2239 937 2308 Cf.
971 2261 1067 2326 supra
1093 2241 1121 2324 ᾖ.
1147 2243 1174 2318 l,

119 2351 227 2416 1159.

207 2449 336 2537 Quodsi
358 2472 486 2536 parvam
509 2450 591 2514 hanc
605 2425 686 2514 viana
710 2447 924 2514 adorientem
938 2467 1048 2514 versus
1071 2449 1174 2533 sequi-

119 2575 196 2632 mur,
219 2553 260 2620 ad
283 2554 422 2620 dextram
444 2557 558 2642 ingens
580 2552 751 2617 stadium
775 2561 824 2616 est
846 2551 967 2618 ordinis
981 2553 1082 2617 ionici
1097 2553 1174 2642 (Pn-

120 2658 210 2722 ceck.
234 2681 266 2744 p.
289 2661 362 2739 68),
384 2656 471 2742 quod
494 2654 737 2743 septentrionali
767 2655 847 2720 facie
875 2659 975 2742 ipsam
996 2658 1080 2720 riam
1102 2675 1174 2741 spo-

15 2819 16 2822 ,
120 2771 192 2840 ctat,
203 2761 403 2826 meridionali
416 2771 530 2839 autem,
545 2781 605 2845 qua
617 2770 707 2845 parte
722 2758 822 2826 multo
835 2759 928 2824 altius
941 2768 1008 2824 erat
1019 2757 1171 2840 (Chandl.

119 2887 191 2953 pag.
216 2867 309 2944 169),
330 2867 363 2928 in
386 2867 484 2950 ipsius
501 2866 625 2930 Prionis
648 2874 738 2950 parte
760 2862 1003 2949 septentrionali
1025 2862 1173 2928 aedifica-

118 2980 184 3032 turn
194 2976 250 3053 ¹est
262 2969 354 3046 (32),
365 2966 494 3031 sedibus
506 2978 622 3043 tamen,
632 2978 667 3048 nt
682 2989 763 3052 quae
778 2971 812 3030 in
827 2967 951 3030 theatro
969 2977 1066 3044 erant,
1083 2968 1174 3050 Ajas-

118 3071 176 3136 luk
200 3067 312 3132 delatis
335 3067 515 3146 (Prokesch
537 3090 569 3150 p.
592 3071 668 3146 94).
714 3071 862 3152 Longum
891 3078 959 3130 erat
984 3067 1084 3152 pedes
1107 3069 1170 3129 687

119 3171 278 3256 (Chandl.
308 3195 339 3258 p.
371 3173 444 3236 169.
491 3167 650 3234 Prokesch
679 3191 710 3254 p.
740 3169 824 3246 104)
854 3176 899 3244 et,
928 3189 989 3251 qua
1018 3175 1109 3252 parte
1132 3165 1174 3230 ad

119 3281 203 3344 viam
232 3280 385 3341 minorem
416 3275 501 3357 (34)
529 3282 667 3358 spectat,
699 3273 823 3358 magnis
852 3268 1026 3334 fornicibus
1056 3278 1173 3346 anstru-

121 3393 219 3457 ctum;
242 3403 304 3466 qua
326 3379 367 3442 ad
389 3381 540 3464 majorem
562 3377 768 3454 (23),1111110
791 3377 938 3450 cinctum,
959 3375 1014 3458 qui
1035 3372 1173 3454 hemicy-

121 3485 173 3549 clii
197 3486 327 3548 ionnam
350 3503 428 3568 prae
450 3502 485 3545 se
508 3479 613 3544 ferens
636 3488 760 3564 portam
783 3479 818 3541 in
840 3474 947 3539 medio
976 3473 1073 3536 habet
1101 3474 1173 3552 (33)

94 3717 99 3734 1
121 3703 195 3761 spon
214 3701 242 3748 et
260 3697 376 3748 Wheler
394 3711 420 3758 p.
439 3691 501 3746 249.
544 3693 635 3744 Lealre
654 3696 682 3743 et
700 3689 835 3742 Chandler
851 3691 881 3741 11.
899 3690 929 3740 11.
947 3685 1094 3753 Poujuuiat
1111 3699 1173 3748 pag.

119 3783 183 3835 290.
218 3783 340 3834 Fellows
359 3795 422 3845 pag.
440 3778 501 3830 274.
538 3779 674 3830 Prokesch
693 3791 755 3842 pag.
783 3774 826 3826 91.
916 3765 1173 3842 (27-29)01ιοὶ-
1219 3835 1227 3852 Ι

121 3869 184 3920 aelii
202 3871 303 3920 tabula.
339 3867 461 3930 Kiepert.
576 3857 646 3929 (30)
665 3863 783 3913 Poeock.
806 3876 833 3924 p.
857 3857 902 3912 59.
938 3859 1048 3911 0111111111.
1067 3873 1093 3920 p.
1113 3854 1173 3906 173.

121 3951 247 4018 Puujoui.
266 3969 292 4016 p.
310 3949 372 4003 290.
445 3945 514 4015 (31)
533 3950 670 4000 Prokesch
689 3963 714 4009 p.
733 3946 793 3998 10⁴.
831 3945 966 3998 chandler
983 3959 1008 4007 p.
1022 3939 1082 3993 176.
1118 3942 1174 3991 Ρο-

122 4042 209 4092 cocke
228 4055 254 4102 p.
273 4036 317 4088 69.
353 4036 476 4100 Kiapert.
577 4029 646 4099 (32)
665 4033 791 4083 Pococlre
810 4046 835 4094 p.
859 4029 903 4081 57.
940 4029 1050 4082 cranei.
1068 4043 1094 4090 p.
1113 4024 1174 4077 169.

125 4127 243 4178 Ballaw.
262 4139 288 4186 p.
306 4119 369 4172 219.
404 4118 531 4186 Ponjoul.
549 4135 575 4182 p.
593 4115 655 4170 289.
691 4119 814 4168 Fellows
832 4131 858 4179 p.
876 4112 937 4164 271.
1044 4106 1114 4178 (33)
1132 4114 1174 4159 Au
