2866 4736
1035 287 1154 410 ¹¹rs

97 539 172 584 men
196 519 408 605 Ephesiorum
431 541 500 584 cum
525 518 770 584 Atheniensibus
799 522 936 584 societas
962 523 1039 586 satis
1061 520 1153 588 firma

96 623 199 687 fuisse
220 621 355 700 ridetur,
378 631 414 688 ut
437 623 593 709 Ephesios
616 632 726 688 contra
749 623 878 702 Persas}
900 626 953 710 qni
975 646 1153 712 numquam,

96 729 272 814 praecipue
295 725 338 791 ob
352 725 477 790 tributa
493 728 605 790 amissa
622 727 677 807 ¹¹),
694 728 804 792 ioniae
819 727 1057 813 recuperandae
1079 740 1153 815 spes

97 828 326 914 deposuerant,
348 832 430 894 tueri
452 832 620 916 potuisset.
665 828 773 912 Quum
788 834 871 896 enim
885 835 969 896 inter
982 833 1154 898 Athenien·
1251 841 1257 850 “

97 935 180 996 sium
202 934 237 996 in
261 931 465 1018 expeditione
489 932 593 1022 Sicula
617 931 783 998 auxiliares
806 935 960 1019 Ephesus,
981 935 1057 1001 licet
1077 935 1154 1025 urbs

97 1038 252 1100 anaximae
275 1039 484 1116 auctoritatis,
514 1035 598 1102 haud
623 1036 780 1101 referatur
796 1037 843 1116 ¹²)
865 1059 971 1123 neque
993 1039 1034 1104 ad
1050 1041 1161 1106 taces

98 1138 290 1204 daemonias
313 1161 381 1202 eam
404 1139 559 1204 deiecisse
581 1139 814 1204 verisimilesit
832 1141 898 1226 ¹³),
915 1141 986 1206 fieri
1007 1163 1075 1208 non
1096 1165 1154 1230 po·

98 1253 171 1321 test,
194 1246 272 1328 quin
295 1265 365 1307 cum
387 1241 436 1307 lll.
454 1245 623 1331 Kruegero
641 1253 821 1323 statuamus
842 1243 953 1330 paullo
976 1255 1069 1310 antea
1084 1269 1153 1312 eam

4 1327 6 1338 ’
98 1369 117 1410 a
147 1339 363 1432 Tissapherne
392 1359 577 1434 occupatam
611 1357 705 1434 atque
733 1347 981 1414 Atheniensibus
1014 1359 1154 1435 ereptam

64 1449 74 1460 '
99 1449 199 1514 fuisse
219 1451 278 1532 ¹⁴).
323 1451 402 1514 Post
430 1451 553 1516 cladem
582 1474 658 1518 sane
681 1451 817 1516 Siculam
840 1452 998 1538 Ephesios
1020 1453 1154 1520 hostiles

79 1581 81 1590 <
98 1554 200 1618 luisse
215 1554 470 1633 Atheniensibus,
493 1555 626 1641 plurima
649 1557 784 1642 vestigia
799 1553 926 1620 docent.
972 1554 1047 1621 Chii
1062 1560 1154 1638 enim,

100 1661 158 1743 qui
179 1660 241 1744 jam
268 1656 321 1722 ab'
338 1657 584 1724 Atheniensibus
613 1659 811 1738 deiecerant,
840 1658 916 1744 quid
936 1659 1044 1726 Mileti
1069 1663 1155 1726 inter

99 1761 276 1848 Spartanos
299 1769 332 1824 et
353 1763 467 1826 Persas
496 1772 644 1850 ageretur
672 1764 778 1843 (412)
801 1763 882 1842 scire
911 1762 1017 1848 cupidi
1034 1763 1090 1844 l⁵),
1112 1761 1153 1828 ad

100 1867 240 1930 Anaeam
263 1863 381 1929 urbem*
397 1866 564 1950 Ephesiam
588 1865 755 1952 appellunt
778 1878 810 1930 et
831 1868 899 1930 visa
914 1867 1153 1932 Atheniensium

98 1968 202 2034 classe
230 1989 303 2056 pars
335 1968 495 2054 Ephesum
526 1957 729 2059 confugiunt,
757 1991 832 2056 pars
856 1971 957 2035 Teum
975 1972 1035 2049 Ι“);
1066 1970 1153 2036 unde

98 2071 187 2160 quod
210 2093 307 2158 supra
330 2071 464 2138 diximus
485 2074 654 2140 manifesto
678 2083 819 2162 apparet.

186 2177 235 2241 lta
258 2197 386 2262 quoque
409 2177 589 2263 explicatur,
612 2178 699 2264 quod
721 2175 813 2243 aliter
834 2179 887 2240 vix
909 2177 1058 2263 explicari
1073 2199 1154 2264 pos·

98 2283 149 2360 sit,
171 2303 228 2345 cur
250 2281 410 2365 Ephesus,
433 2284 517 2345 iuter
538 2302 592 2370 eas
613 2281 724 2358 urbes,
747 2279 861 2366 quibus
885 2279 1067 2346 Alcibiades
1089 2303 1153 2377 una
1230 2279 1234 2284 ”

99 2405 170 2447 cum
186 2382 365 2449 Chalciden
383 2385 612 2471 Spartanorum
635 2385 757 2470 ephoro
781 2384 893 2447 Ioniae
916 2403 1004 2447 oram
1031 2383 1153 2472 legens,
1209 2398 1239 2416 ³

98 2487 139 2552 ab
162 2475 413 2553 Atheniensibus
436 2487 612 2553 deficerent
634 2498 667 2552 et
689 2487 804 2552 foedus
826 2489 944 2551 inirent
966 2509 1036 2552 cum
1059 2488 1154 2576 Spar·
1257 2485 1259 2498 ¹

98 2593 182 2654 tanis
196 2582 391 2676 persuasisse
408 2591 521 2656 dicitur
538 2594 594 2673 ¹⁷),
616 2593 762 2680 Ephesus
776 2590 862 2656 haud
877 2591 1040 2658 referatur.
1079 2595 1153 2660 Per·

98 2697 141 2757 sis
166 2697 258 2774 enim,
282 2691 551 2783 quibus'subjecti
574 2707 663 2760 erant
685 2697 830 2783 Ephesii,
859 2683 1029 2783 Spartanis·
1045 2697 1154 2762 faven-

97 2797 193 2876 tibus,
216 2807 249 2862 et
270 2801 331 2884 ipsi
346 2799 573 2884 Spartanorum
596 2804 685 2866 amici
708 2822 777 2864 esse
800 2799 988 2866 debuerunt.
1002 2835 1042 2852 -
1055 2801 1152 2866 Anno

99 2902 239 2988 denique
261 2901 338 2965 belli
366 2904 520 2988 vigesimo
550 2906 652 2990 primo
682 2906 788 2985 (ilo)
815 2907 885 2990 ipse
916 2895 1153 2992 Tissaphernes,

100 3009 189 3092 cujus
212 2989 378 3072 custodiae
394 3005 505 3072 Goido
527 3009 589 3093 jam
605 3019 699 3094 atque
715 3007 830 3072 Mileto
855 3011 975 3095 ejectae
997 3019 1088 3074 erant
1104 3009 1153 3087 ¹⁸),
1202 3047 1206 3062 ·

17 3363 20 3375 Λ
96 3311 226 3374 lirueger
243 3311 263 3360 l.
280 3310 300 3360 i.
318 3323 345 3372 p.
363 3307 426 3377 338,
444 3307 490 3360 ubi
508 3303 589 3372 adjici
613 3309 741 3372 possunt,
765 3318 834 3370 quae
857 3319 941 3370 supra
961 3319 996 3358 cx
1013 3308 1152 3359 Athenaeo

96 3395 251 3446 attulimus.
322 3393 373 3460 ll)
391 3397 475 3448 Thuc.
487 3395 562 3462 VIII,
580 3391 607 3444 5.
680 3387 732 3457 12)
749 3393 865 3456 Propter
882 3393 956 3444 urbis
969 3393 1041 3444 enim
1053 3395 1152 3444 aueto-

95 3483 210 3538 ritatem
222 3483 268 3533 vix
280 3495 340 3534 cum
359 3483 478 3534 caeteris
490 3481 578 3545 iisque
590 3479 737 3531 minorihus
749 3479 843 3530 Ioniae
855 3480 1010 3532 civitatibus
1023 3479 1154 3544 pecuales

98 3573 206 3620 mutum
224 3569 358 3632 Ephesios
376 3567 557 3620 conhihaisse
575 3568 747 3619 statuendum
765 3573 817 3617 est.
896 3564 945 3629 13)
965 3567 999 3617 lli
1017 3567 1090 3617 enlm
1107 3567 1154 3618 vix

96 3653 174 3706 illico
193 3654 379 3724 mssapnernt,
398 3651 477 3721 cujus
494 3657 590 3718 postea
612 3657 688 3720 crat,
713 3666 773 3702 carn
796 3651 982 3714 tradidissent,
1001 3658 1032 3704 ut
1049 3653 1154 3704 monuit

97 3741 205 3805 IIrueg.
223 3757 248 3804 p.
267 3737 328 3792 339.
401 3737 451 3805 li)
471 3743 596 3804 Krueger
613 3741 632 3790 l.
644 3740 663 3788 l.
682 3738 726 3802 qui
746 3739 826 3789 etiam
845 3739 911 3805 illud
924 3739 1062 3789 Plutarchi
1080 3735 1153 3803 (hy-

96 3829 176 3878 sand.
200 3841 225 3878 c.
243 3823 312 3891 lli.)
330 3825 381 3878 τῶν
395 3825 530 3894 βασιλικῶν
548 3821 698 3896 στρατηγῶν
727 3818 827 3876 αὐτόθι
851 3820 986 3890 (Ephesi)
1010 3821 1045 3873 τὰ
1068 3821 1154 3874 πολλοὶ

98 3911 289 3986 διατριβόντων
309 3915 360 3964 huc
377 3913 470 3964 Iacere
487 3913 583 3964 credit.
658 3908 706 3972 15)
725 3913 864 3974 Agebatur
882 3917 972 3962 autern
991 3912 1025 3959 de
1042 3909 1154 3958 iocdcre

97 3999 164 4067 isto,
184 4013 238 4063 quo
256 3999 466 4051 Lacedaemonii
485 3998 590 4064 omnia,
619 4007 688 4060 quae
701 3997 800 4047 ¹l‘ersis
818 3998 883 4048 olim
901 3998 1064 4063 paruerant,
1082 3993 1154 4058 Regi
1199 4035 1202 4040 ,

5 4099 6 4106 “
97 4097 196 4137 rursus
220 4083 379 4138 concessuri
403 4090 487 4137 erant.
511 4085 594 4134 ¹l'lruc.
617 4083 697 4148 VIII,
723 4079 765 4134 IS.
849 4077 1153 4150 16)rtia.vnr,19.
1208 4077 1212 4088 '

99 4169 152 4236 17)
171 4173 238 4222 rara.
259 4173 332 4238 vru,
354 4168 387 4220 14
405 4185 442 4221 ss.
516 4164 567 4234 re)
587 4169 651 4220 rara.
671 4169 745 4236 vui,
767 4167 826 4220 ros.
