2916 4722
1125 273 1175 346 93

74 513 77 520 .
116 460 226 546 magui
248 477 376 542 quoque
404 459 437 519 in
469 454 624 544 religione
646 455 800 521 Arcadica
829 461 980 522 momenti
1010 459 1107 524 fuisse
1137 479 1174 523 ex

118 561 268 626 Aristaeo
291 568 431 646 apparet,
455 557 609 623 Arcadiae
631 563 782 647 magistro
798 561 859 640 Ἡ),
885 565 938 646 qui
960 561 1062 628 mellis
1083 583 1172 627 usum

117 664 235 728 dicitur
256 666 416 728 invenisse
432 663 489 742 ²²),
513 671 545 726 et
569 683 606 726 ex
621 684 717 726 numo
736 663 873 748 quodam
891 669 1101 730 communium
1117 667 1174 730 Ar-

117 765 241 844 cadum,
264 770 319 852 qui
340 789 429 853 apem
459 765 583 830 exhibet
599 766 657 846 23).
682 803 722 816 -
747 765 847 850 Quod
875 768 1055 852 symbolum
1079 791 1173 853 quum

115 873 149 934 iu
173 872 355 934 universum
379 869 420 933 ad
443 867 594 934 Cererem
618 879 762 955 spectare
788 869 933 935 videatur
949 873 1006 951 ²⁴),
1029 893 1090 957 ape
1112 881 1173 935 ter-

115 983 249 1037 restrem
272 974 397 1038 Dianae
420 973 578 1057 Ephesiae
606 981 750 1036 naturam
779 971 946 1037 indicatam
976 995 1108 1050 censeo;
1132 973 1173 1038 ad

115 1079 270 1140 marinam
293 1087 398 1142 autem
413 1077 504 1140 Deae
519 1075 661 1140 indolem
684 1077 763 1141 haec
777 1075 946 1142 referenda
960 1087 1043 1141 sunt.
1089 1077 1173 1143 Can-

117 1202 172 1244 cer
184 1183 338 1266 inprimis,
350 1183 439 1266 cujus
453 1183 577 1267 signum
591 1201 608 1243 c
623 1179 709 1244 collo
726 1181 851 1244 Dianae
865 1201 1059 1266 suspensum,
1081 1183 1173 1245 etiam

116 1287 148 1347 iu
176 1289 316 1348 extrema
337 1283 575 1348 simulacrorum
596 1293 688 1368 parte
710 1289 868 1370 appictum
890 1287 1005 1348 intueri
1027 1283 1101 1348 licet
1116 1286 1172 1364 ²⁵),

117 1397 148 1452 et
173 1409 268 1473 quem
291 1391 324 1451 in
347 1408 445 1452 aureo
468 1390 529 1451 isto
553 1408 650 1451 numo
674 1409 776 1473 prope
792 1389 917 1452 Dianae
941 1397 1035 1474 caput
1057 1409 1173 1474 agnos-

115 1512 189 1555 cere
213 1492 290 1554 mihi
312 1494 396 1554 visus
420 1513 497 1555 sum.
544 1489 671 1555 Cancer
695 1495 792 1568 enim,
816 1513 908 1576 quem
931 1511 973 1554 ne
994 1511 1054 1576 pro
1078 1493 1171 1578 siguo

115 1594 251 1660 coelesti
274 1597 475 1678 accipiamus,
505 1593 646 1679 plurimis
675 1595 799 1659 urbium
822 1596 1043 1658 maritimarum
1069 1597 1172 1658 numis

115 1699 279 1778 docemur,
296 1699 399 1762 cancri
415 1696 565 1782 symbolo
581 1699 737 1784 insignitis
754 1698 812 1776 ²⁶),
834 1696 1095 1781 simplicissimum
1110 1719 1172 1760 ma-

116 1806 158 1866 ris
182 1813 280 1888 atque
303 1823 404 1888 aquae
426 1799 607 1885 symbolum
639 1810 719 1874 erat;
750 1822 848 1884 quare
870 1801 1025 1886 Neptuno
1054 1803 1172 1886 saepis-

115 1909 193 1970 sime
217 1905 366 1970 tribuitur
380 1906 438 1982 ²⁷),
460 1924 505 1981 ac,
529 1907 667 1967 marinae
690 1907 759 1988 ejus
776 1901 895 1968 indolis
917 1907 1042 1968 ratione
1058 1903 1171 1982 habita,

115 2008 169 2073 vel
191 2011 253 2096 ipsi
276 2029 403 2094 quoque
425 2006 549 2070 Dianae
564 2007 622 2088 ²⁸).
674 2008 745 2071 Nec
774 2027 841 2070 non
865 2028 956 2092 equo,
979 2010 1100 2092 inquo
1123 2028 1171 2070 se-

116 2111 246 2176 dentem
261 2115 348 2176 numi
363 2110 517 2196 Ephesini
531 2110 667 2174 Dianam
684 2110 832 2174 exhibent
847 2110 896 2189 ²⁹)
914 2114 1063 2174 marinam
1079 2111 1170 2174 Deae

116 2226 261 2281 naturam
284 2215 467 2280 denotatum
490 2234 623 2290 censco;
646 2213 733 2298 quod
756 2235 851 2298 quum
873 2233 966 2297 supra
989 2215 1051 2297 jam
1076 2233 1172 2297 expo·

185 2442 240 2512 21)
259 2447 413 2500 Aristaeum
431 2447 580 2498 Arcadibus
602 2444 771 2509 potissimum
794 2445 895 2494 cultum
918 2442 1004 2494 tuisse
1020 2443 1171 2494 Pausanias

116 2537 236 2584 testatur
254 2529 346 2602 (vm,
364 2534 392 2601 2,
405 2527 440 2598 4)
459 2537 487 2583 et
504 2533 616 2584 Servius
638 2525 689 2598 (ad
708 2533 809 2594 Georg.
828 2531 849 2580 1.
866 2532 965 2597 „Apud
982 2531 1105 2586 Arcadas
1121 2543 1171 2592 pro

115 2621 187 2670 Jove
202 2615 344 2686 coutar“).
381 2621 423 2670 Gi.
436 2619 526 2670 Schol-
544 2620 634 2680 Apoll.
653 2619 737 2668 nnod.
750 2617 786 2681 ΙΙ,
804 2613 857 2665 500
874 2615 941 2674 Ζεὺς
956 2609 1109 2686 Ἀρισταῖος
1127 2617 1171 2667 καὶ

112 2697 258 2756 Ἀπόλλων.
277 2706 353 2756 nina.
371 2707 451 2768 eya.
470 2706 523 2772 rx,
543 2703 591 2772 cc,
611 2702 655 2755 es.
675 2729 708 2740 -
726 2704 802 2753 unce
824 2701 956 2766 virginus
979 2699 1102 2768 (ceorg.
1121 2703 1169 2768 ιν,
1219 2688 1221 2696 ’

115 2785 188 2855 283)
207 2792 370 2858 „Arcadii
387 2793 562 2843 memoranda
583 2791 694 2841 inventa
710 2781 904 2852 magistri“.
993 2782 1046 2852 22)
1064 2787 1172 2846 invenit

115 2881 145 2927 et
163 2890 231 2939 apes
249 2870 421 2944 ‚,reparare“
439 2891 473 2928 er
491 2877 650 2928 animalibus
668 2873 782 2926 mortuis
807 2876 884 2924 serv.
902 2875 921 2923 1.
940 2875 958 2924 l.
978 2897 1012 2910 -
1030 2877 1086 2926 lies
1105 2887 1171 2925 nor-

115 2966 193 3014 ratur
206 2965 278 3025 apud
295 2963 426 3028 Antigon.
442 2961 551 3027 cuyst.
621 2955 674 3026 23)
691 2957 877 3013 ΑΡΚΛΔΟΝ
893 2958 1035 3012 AHMOC.
1053 2962 1170 3010 Menetr.

116 3051 188 3099 Stat.
206 3049 257 3116 111,
277 3047 302 3098 3.
390 3041 443 3112 24)
462 3047 571 3100 cereris
596 3047 667 3096 enim
685 3047 844 3096 sacerdotes
862 3045 965 3104 primae
982 3046 1102 3112 psitacus
1119 3057 1171 3104 ap-

115 3135 237 3197 pellatae
255 3137 329 3184 sunt:
350 3136 394 3184 καὶ
411 3133 460 3192 τὰς
478 3128 618 3200 Δήμητρος
637 3133 786 3198 ἱερείας-
803 3129 925 3195 μελίσσας
944 3131 971 3177 οἱ
985 3129 1094 3178 παλαιοὶ
1112 3125 1171 3177 ἐκά-

115 3219 188 3270 λουν.
224 3221 357 3284 Porphyr.
377 3234 401 3270 c.
420 3219 506 3270 xvir.
532 3243 561 3254 -
580 3214 621 3266 Oi.
641 3219 719 3264 serv.
737 3217 806 3263 Aen.
824 3213 847 3279 1,
865 3209 927 3279 134,
946 3212 992 3262 ubi
1011 3209 1096 3263 Ocres
1108 3215 1170 3262 Me-

114 3306 211 3356 lissam
230 3308 360 3369 quandam
377 3305 511 3368 mysteria
534 3315 585 3354 sua
608 3303 703 3368 docet,
730 3313 764 3350 ex
782 3312 835 3362 orca
852 3311 918 3361 apes
935 3301 1034 3361 postea
1050 3309 1170 3347 nuscun-

115 3395 169 3441 tur.
189 3389 232 3442 Ct.
244 3405 329 3454 supra
344 3407 371 3444 n.
389 3391 434 3443 2⁰.
504 3384 557 3454 25)
575 3383 719 3451 Menetrej.
738 3401 764 3449 p.
782 3383 826 3436 81.
843 3408 880 3420 -
896 3385 1033 3436 Boissard.
1051 3385 1170 3447 topogr.

113 3479 194 3529 Rom.
213 3479 263 3544 lv,
284 3475 343 3529 118.
361 3503 396 3514 -
414 3475 554 3528 cainaeos
575 3479 646 3527 Mus.
664 3477 777 3525 Roman.
799 3473 827 3539 1,
852 3474 920 3522 sect.
938 3469 972 3537 2,
996 3473 1049 3521 tab.
1064 3471 1169 3548 lxviii,

114 3578 140 3625 ra
161 3561 207 3614 63.
226 3561 270 3614 et.
289 3588 324 3600 -
343 3561 465 3614 Greuzer
481 3579 508 3626 p.
527 3559 588 3614 181.
688 3555 742 3624 26)
764 3560 934 3610 Bellermann
952 3559 1035 3609 Phua.
1054 3556 1170 3607 munseo

115 3651 156 3716 11,
181 3665 209 3712 p.
234 3648 277 3702 17.
340 3706 346 3716 ,
382 3644 488 3724 21)1ιι
513 3646 731 3713 numis'Astaci‚
757 3645 831 3696 rrrbis
848 3644 1011 3708 Bytlryuiae.
1046 3644 1172 3695 Parosta

117 3737 214 3788 Ortsn.
233 3737 257 3804 1,
275 3734 401 3804 22-24,
421 3751 448 3799 p.
468 3734 510 3786 15.
581 3728 634 3798 28)
651 3735 786 3800 esgarus,
805 3743 964 3782 cancrorum
982 3743 1069 3794 genus
1087 3725 1170 3795 (Plio.

113 3823 165 3888 111,
184 3817 247 3891 51),
272 3823 375 3874 Dianee
402 3835 481 3874 sacer
504 3825 563 3876 erat
585 3823 667 3872 Voss.
688 3821 784 3870 Theoi.
807 3821 887 3872 uene.
910 3818 964 3884 111,
992 3814 1027 3866 25
1052 3829 1078 3878 p.
1102 3809 1169 3880 261,

115 3911 145 3958 et
164 3911 235 3972 apua
254 3909 369 3962 Dianam
387 3907 504 3964 sternam
523 3920 622 3962 cancer
639 3905 785 3958 iuvenitur.
883 3898 937 3970 29)
955 3901 1056 3956 monn.
1075 3900 1168 3962 suppl.

115 3991 247 4060 V1,435.
