2910 4726
279 311 350 384 156

277 500 310 560 in
332 497 512 561 uuiversum
529 495 577 573 13)
601 502 633 557 et
653 492 809 557 rhetorica
832 493 1003 577 praecipuo
1028 502 1060 555 et
1081 491 1252 578 sophistica
1269 501 1336 558 stu·

278 599 329 665 dia
351 621 419 665 non
441 597 545 663 solum
569 619 586 660 θ
609 595 773 661 nonnullis
800 581 981 659 rhetoribus
1010 605 1065 659 θυι
1093 595 1245 681 sophistis
1269 594 1336 660 cul-

277 715 308 769 ta
341 704 472 780 luerint,
500 700 557 765 sed
585 699 639 764 vel
667 699 706 763 ab
736 701 804 785 ipsa
828 701 956 762 civitate
979 701 1140 764 aesthnata
1163 709 1261 784 atque
1284 720 1337 763 or·

278 816 366 885 nata,
398 829 417 871 e
444 805 579 893 publicis
601 801 749 868 laudibus
779 812 811 866 et
838 802 1016 866 honoribus
1045 801 1200 890 colligere
1222 823 1336 888 possu-

196 935 198 943 ⁴
277 931 355 987 muS,
377 931 457 995 quos
481 912 606 995 saepius
629 916 684 972 aut
704 911 821 992 potitae
844 905 937 970 alicui
954 907 1002 983 ¹⁴)
1032 905 1183 982 tributos,
1207 916 1263 970 aut
1284 927 1336 970 so-

277 1013 401 1099 phistae
417 1015 472 1093 ¹⁶),
494 1012 547 1076 vel
571 1014 664 1076 etiam
687 1007 857 1096 philologo
879 1008 1001 1073 cuidam
1019 1011 1067 1090 ¹⁵)
1091 1008 1213 1074 dicatos
1236 1009 1335 1076 luisse

278 1115 421 1182 videmus
443 1119 477 1179 in
500 1115 598 1182 titulis
622 1115 799 1201 Ephesinis.

366 1221 512 1306 Quorum
543 1219 706 1282 rhetorum
736 1227 768 1282 et
796 1217 1009 1303 sophistarum
1037 1238 1176 1281 summos
1208 1227 1241 1281 et
1267 1220 1335 1304 ipsa

279 1325 433 1410 Ephesus,
454 1333 609 1408 tamquam
632 1323 733 1408 patria
756 1319 829 1384 tulit
852 1329 883 1384 et
899 1324 980 1384 intra
1003 1341 1059 1384 sua
1082 1324 1211 1385 moenio
1233 1319 1336 1386 liben-

248 1433 252 1436 ’
278 1439 327 1493 ter
349 1438 381 1493 et
403 1447 520 1516 magno
544 1448 614 1490 cum
636 1424 743 1489 studio
767 1426 967 1489 convocavit.

366 1532 432 1598 Sub
462 1528 625 1594 Hadriano
659 1528 856 1616 imperatore
889 1531 967 1593 vixit
999 1529 1034 1592 P.
1068 1527 1334 1598 Hordeonius

278 1635 497 1700 Lollianus
516 1637 565 1714 ¹⁷)
586 1617 736 1720 sophista,
758 1634 840 1697 Isaei
862 1633 986 1717 Assyrii
1009 1631 1182 1718 discipulus
1200 1635 1257 1715 ¹⁸),
1282 1638 1334 1720 qui

279 1739 457 1805 cathedram
464 1739 595 1804 Athenis
604 1741 723 1825 primus
736 1757 911 1824 occupasse
919 1734 1092 1818 dicitur¹⁹),
1099 1736 1207 1822 ibique
1222 1747 1335 1802 strate-

278 1845 350 1930 giae
366 1863 494 1928 quoque
508 1864 640 1908 mernere
655 1842 847 1930 fungebatur
858 1842 916 1921 ²⁰).
940 1841 1022 1904 Nam
1034 1839 1230 1920 nouaclum,
1246 1839 1335 1926 quod

279 1945 320 2009 ad
335 1955 432 2010 artem
449 1946 637 2010 rhetoricam
653 1948 774 2026 attinet,
788 1965 983 2032 magnopere
998 1942 1154 2023 laudatur,
1169 1942 1333 2008 sedetiam

278 2049 408 2136 politica
431 2061 498 2116 arte
521 2053 692 2136 eximiaque
713 2051 831 2136 justitia
854 2046 1002 2112 inclaruit
1016 2049 1075 2128 ²¹).
1120 2047 1336 2114 Declamatio-

350 2333 401 2400 13)
420 2341 480 2390 linc
503 2339 675 2390 referendum
695 2349 800 2390 censeo
824 2323 902 2402 quod
916 2338 990 2388 hott.
1014 2339 1084 2400 App.
1108 2338 1236 2386 narratur
1257 2335 1335 2403 xiil,

281 2421 313 2474 15
337 2427 464 2488 populum
486 2438 584 2488 nempe
610 2423 771 2489 Ephesium,
799 2423 892 2474 multis
921 2418 984 2473 iidel
1015 2419 1186 2473 Christianae
1208 2421 1337 2474 veritatis

278 2514 381 2560 tactum
400 2509 579 2578 argumentis,
597 2510 682 2561 libros
705 2507 794 2560 50000
816 2511 1000 2560 drachmarum
1024 2508 1114 2570 pretio
1136 2507 1164 2558 in
1183 2509 1245 2558 iero
1265 2521 1335 2559 con-

279 2595 376 2646 tulisse
393 2596 483 2659 ibique
501 2609 648 2647 cremasse.
707 2591 760 2660 14)
779 2597 819 2646 De
831 2595 977 2657 bonoribus
990 2609 1006 2646 a
1018 2599 1115 2646 senatu
1133 2595 1232 2657 potatae
1245 2596 1335 2646 liho-

279 2681 424 2744 dopiano
442 2682 560 2732 demotis
578 2693 663 2744 agere
680 2681 788 2733 videtin
806 2681 837 2732 0.
855 2683 878 2730 i.
896 2695 922 2732 n.
941 2679 1011 2734 2957
1024 2695 1050 2732 a.
1112 2677 1163 2746 15)
1182 2678 1264 2730 Κατὰ
1284 2678 1338 2747 ψή-

279 2785 363 2836 φιομο
381 2767 505 2830 sophista
522 2770 670 2818 honoratur
687 2780 714 2816 ιι.
723 2763 803 2818 1998.
823 2765 865 2816 ci.
882 2766 995 2818 Aristld.
1015 2780 1069 2820 οη.
1087 2780 1159 2820 sacr.
1176 2767 1257 2818 Dind.
1270 2765 1334 2818 543.
1348 2801 1356 2810 -

280 2847 331 2918 16)
354 2855 392 2902 lh.
415 2850 494 2902 3009.
532 2849 571 2903 Ἡ
585 2849 667 2918 βουλὴ
686 2853 816 2919 ἰτείμησιν
833 2850 953 2904 Πόπλιον
971 2850 1119 2920 diapasoa
1134 2845 1337 2922 Ἀπολλόδωρον

276 2917 447 2998 Ἀσπένδιοι,
466 2931 617 3004 Φιλόλογον,
630 2949 674 3001 qur
667 2935 784 2999 Ephesi
795 2937 862 2989 vrxrt
873 2938 961 3003 ibique
973 2941 1096 3002 sepultus
1110 2946 1161 2989 est.
1208 2933 1255 3003 17)
1266 2939 1337 2989 hol

278 3021 379 3074 llanum
398 3026 529 3091 nostrum,
547 3037 601 3074 non
619 3029 650 3075 ut·
667 3027 750 3076 antea
770 3024 901 3076 creditum
915 3027 1007 3077 esth.
1026 3025 1172 3088 Egnatium
1192 3025 1336 3076 Victorem

279 3121 356 3175 esse,
380 3111 428 3160 sed
451 3109 482 3160 P.
506 3110 689 3162 Hordeonium
713 3105 809 3174 (quen
832 3111 890 3161 ln
882 3125 966 3162 macr.
989 3111 1127 3173 npnesina
1145 3111 1251 3162 obviam
1271 3123 1337 3162 esse

280 3195 380 3248 oblitus
398 3200 441 3248 est
459 3183 577 3264 Kaysei,
597 3195 628 3248 0.
647 3198 668 3248 l.
688 3210 714 3248 n.
729 3194 810 3264 3003,
828 3194 854 3247 3.
867 3191 902 3262 4)
920 3197 990 3261 lapis
1008 3209 1095 3260 nuper
1106 3197 1220 3250 Athenis
1237 3210 1337 3260 reper-
1447 3199 1448 3216 ¹

280 3285 325 3332 tus
343 3282 449 3352 docuit,
467 3283 495 3334 in
514 3297 567 3346 quo
590 3287 703 3336 senatus
721 3285 750 3334 et
773 3285 888 3347 populos
905 3281 1079 3334 Atheniensis
1101 3284 1132 3334 Ρ.
1150 3283 1336 3336 Hordeonium

279 3367 431 3420 Lollianum
454 3368 603 3432 sophistam
632 3369 740 3432 publice
769 3371 901 3435 honorat,
930 3363 1009 3433 cujus
1036 3371 1192 3432 apographo
1219 3374 1337 3432 accepto

279 3454 423 3515 Kayserus
440 3453 606 3516 peculiarem
630 3456 664 3505 de
689 3459 783 3506 nostro
806 3453 928 3518 sophista
945 3454 1200 3505 commentationem
1223 3455 1338 3519 scripsit

280 3537 445 3602 Heidelberg
469 3537 548 3605 1841,
572 3539 601 3590 in
625 3553 690 3604 qua,
711 3555 779 3605 quae
798 3543 832 3591 de
854 3541 980 3614 Lolliano
1002 3543 1164 3608 notamur,
1188 3540 1338 3606 diligenter
1365 3557 1370 3572 ¹

280 3623 395 3686 collegit
416 3623 544 3688 auxitque
568 3639 616 3694 ea,
645 3639 714 3690 quae
737 3628 801 3678 ollm
819 3623 930 3692 jande
951 3626 1077 3678 Lolliano
1096 3623 1337 3694 (inscriptionibus

281 3706 311 3763 G·
330 3710 351 3758 l.
370 3710 393 3776 l,
411 3725 438 3773 p.
456 3708 518 3762 430.
538 3709 590 3764 778
608 3707 714 3778 fretus)
736 3713 765 3764 in
782 3711 939 3764 Philostrati
962 3713 1082 3766 editione
1100 3717 1134 3766 ad
1151 3710 1233 3778 hujus
1252 3713 1336 3764 vitain

280 3799 468 3847 adnotaverat.
562 3795 612 3862 18)
631 3799 729 3851 fluidas
747 3814 770 3850 s.
788 3815 814 3849 v·
833 3796 977 3858 Λολλιαιὸς
993 3793 1119 3870 Ἐφέσιος
1137 3797 1265 3869 σοφιστὴς
1282 3820 1336 3869 μα-

280 3879 367 3947 θητὴς
377 3876 482 3934 Ἰσαίου
495 3883 544 3934 τοῦ
560 3877 712 3955 Ἀσσυρίου·
731 3881 841 3952 γεγονὼς
854 3883 895 3934 lat
910 3881 1053 3954 Ἀδριανοῦ
1072 3882 1121 3937 τοῦ
1136 3885 1284 3954 Καίσαρος·
1303 3886 1337 3935 de

280 3967 359 4018 isaeo
377 3968 447 4018 l’lln.
465 3970 533 4031 Epp.
551 3971 587 4038 ll,
606 3969 632 4020 3.
706 3966 757 4037 19)
774 3970 948 4022 philastrii.
962 3974 1042 4034 loph.
1060 3973 1096 4040 ll,
1114 3967 1150 4022 13
1162 3985 1187 4034 p.
1200 3968 1236 4022 39
1248 3972 1335 4034 says.

279 4073 315 4088 ···
333 4054 667 4119 Kaysel'lsoll.1l.9ss.
738 4053 791 4122 20)
810 4055 877 4108 Phil.
899 4058 949 4109 l.l.
1019 4052 1072 4120 21)
1091 4053 1184 4126 Σοφός
1202 4055 1236 4108 τοὶ
1256 4057 1335 4109 πολο-

281 4134 340 4189 τιιιιὶ
358 4138 458 4198 δίκαιος
477 4142 521 4192 καὶ
540 4136 673 4211 εὐγνώμων
691 4143 709 4192 1.
728 4143 747 4192 i.
