2866 4736
294 351 342 424 12

200 577 205 588 ·
292 537 368 603 dine
390 559 446 602 sna
468 521 773 602 montium'nomine
795 537 956 625 digniores
971 548 1052 618 sunt,
1068 537 1197 624 Epheso
1213 539 1342 602 maxime

291 644 437 705 vicinum.
481 641 529 705 Ita
551 651 678 727 praeter
698 634 783 706 hunc
805 651 837 705 et
850 641 997 727 planities
1019 641 1074 705 illa
1099 643 1166 704 sive
1186 639 1343 714 convaliis

291 744 523 808 Aktscho'va
539 747 749 830 Ephesiorum
772 743 885 809 ditioni
906 743 1140 808 adnumeranda
1164 746 1231 822 erit
1254 765 1343 830 prae-

290 850 396 911 sertim
412 871 506 932 quum
524 850 652 934 Epheso
668 854 709 914 sit
723 853 857 936 propior
872 869 962 934 quam
979 847 1166 935 Magnesiae
1182 857 1214 912 et
1230 847 1269 912 ab
1285 849 1342 911 hac

290 949 391 1014 arduo
407 955 560 1016 montium
575 962 676 1018 tractu
691 957 842 1039 sejuncta.
873 951 1084 1017 Descendunt
1098 961 1201 1015 antam
1218 973 1256 1015 ex
1272 971 1341 1015 eae

288 1054 420 1118 Lethaei
434 1053 576 1143 regione,
591 1061 644 1142 qui
660 1057 700 1120 ad
716 1061 870 1122 orientem
885 1060 996 1144 vergit,
1011 1053 1173 1119 convalles
1188 1054 1339 1140 quaedam

288 1157 450 1223 meridiem
478 1181 588 1223 versus
619 1171 651 1224 et
670 1159 875 1253 occidentem
904 1159 945 1223 ad
973 1161 1161 1223 Panionium
1190 1167 1222 1222 et
1251 1158 1341 1222 Sca-

173 1335 179 1350 ·
287 1260 362 1324 lam
384 1283 538 1341 novam,
561 1285 642 1348 quae
657 1285 743 1335 nunc
757 1262 943 1348 appellatur,
961 1273 994 1328 et
1008 1265 1258 1349 septentrionem
1272 1283 1340 1326 ver-

286 1387 339 1429 sus
370 1365 410 1428 ad
433 1367 551 1451 Ephesi
579 1389 722 1452 campum
752 1370 915 1452 ipsamque
945 1367 1054 1432 urbem
1077 1366 1154 1444 alia,
1182 1368 1233 1431 cui
1255 1387 1341 1430 nunc

285 1489 404 1532 nomen
420 1469 962 1556 Aghys-atschyk-Deressi‚
984 1491 1066 1557 quae
1090 1479 1122 1534 et
1144 1490 1182 1534 ex
1200 1470 1340 1554 Pactyao

286 1570 375 1634 clivis
397 1571 551 1656 plurimos
573 1577 658 1638 rivos
682 1577 803 1660 accipit,
827 1578 974 1661 antiquae
996 1575 1035 1639 ab
1053 1575 1183 1660 Epheso
1206 1571 1343 1676 Magne-n
1420 1615 1421 1620 η

284 1677 361 1738 siam
383 1677 462 1754 viae,
485 1679 574 1762 cujus
603 1688 634 1742 et
662 1679 818 1744 hodierna
844 1676 980 1744 tractum
999 1681 1159 1764 sequitur‚'
1172 1686 1204 1741 et
1226 1696 1340 1760 aquae-

254 1833 259 1838 .
285 1777 397 1844 ductus
425 1779 592 1845 ruderibus
620 1785 768 1870 insignis,
802 1783 935 1847 fluviolo
964 1775 1144 1869 praeterea,
1172 1782 1226 1866 qui
1255 1782 1339 1843 inter

282 1883 454 1967 Ajasluk
476 1886 578 1947 vicum
608 1897 640 1950 et
663 1887 782 1970 Ephesi
803 1891 910 1950 ruinas
939 1885 980 1950 ad
1003 1883 1175 1982 Caystrum
1198 1882 1338 1947 decurrit

282 1995 408 2074 praeter
430 2009 501 2051 eum
516 1973 637 2066 'locuhi
659 1989 714 2053 nbi
736 1989 885 2076 tempium
901 1991 1025 2054 Dianae
1048 1992 1142 2052 sitnm
1164 1987 1261 2050 fuisse
1274 2007 1338 2072 ·P⁰7

282 2099 348 2152 stea
373 2088 656 2157 demonstrabimus
673 2095 736 2176 ¹⁰),
767 2093 906 2180 ideoque
934 2103 1076 2191 veterum
1105 2090 1240 2156 Seianus
1269 2094 1337 2153 sive

281 2200 407 2266 Selinus
436 2195 601 2261 habendus
631 2207 687 2278 est.
747 2197 848 2284 Cujus
878 2197 919 2262 de
947 2201 1076 2262 nomine
1103 2207 1139 2262 ut
1161 2197 1336 2259 accuratius

224 2329 253 2388 j
282 2315 414 2385 constet,
437 2301 634 2370 memorandi
655 2313 729 2366 sunt
751 2301 815 2368 duo
839 2301 926 2367 lacus
942 2301 1106 2379 Selenusii,
1123 2301 1183 2385 ,qui
1206 2298 1246 2363 ad
1265 2320 1337 2384 sep-

281 2413 470 2474 tentrionem
494 2411 596 2494 campi
618 2407 748 2492 Ephesii
771 2417 803 2471 et
826 2406 956 2493 Caystri
974 2393 1033 2486 ¹¹),¹
1051 2403 1092 2468 ad
1113 2402 1236 2468 radices
1259 2401 1336 2468 Gal-

280 2511 352 2574 lesii
375 2517 434 2588 siti,
456 2513 565 2575 rivulis
588 2510 751 2574 nonnullis
780 2533 818 2574 ex
846 2511 910 2574 hoc
934 2519 1043 2574 monte
1066 2506 1334 2574 descendentibus
1420 2549 1421 2604 ᾗ

278 2619 472 2692 nutriuntur,
503 2625 534 2678 et
560 2613 719 2700 paludoso
748 2623 850 2676 tractu
878 2635 947 2677 cum
975 2617 1053 2676 mari
1082 2613 1254 2697 cohaerent
1277 2612 1334 2690 ¹²).
1420 2611 1421 2646 ³

279 2718 424 2803 Quorum
447 2717 568 2782 reditus
598 2739 692 2802 quum
715 2715 755 2780 ad
782 2715 932 2801 templum
953 2718 1079 2781 Dianae
1100 2718 1335 2803 pertinuissent,

277 2824 417 2906 ipsisque
448 2821 580 2886 lacubus
617 2822 778 2904 antiquum
807 2819 966 2905 quoddam
1000 2821 1106 2885 fanum
1140 2818 1334 2884 adstructam

279 2909 366 2988 esset*
381 2926 426 3005 ¹³)
449 2924 524 2989 inde
547 2925 682 2988 sortasse
711 2945 819 2988 errore
847 2923 983 3010 quodam
1007 2923 1088 2990 illud
1110 2924 1204 2989 Plinii
1227 2934 1334 2990 ortum

279 3029 513 3115 cst:·templum
535 3030 660 3092 Dianae
684 3027 838 3113 complexi
863 3050 880 3092 e
903 3028 1035 3094 diversis
1057 3028 1241 3117 regionibus
1265 3027 1332 3092 duo

276 3131 480 3198 Selenuntes:
497 3134 543 3213 ¹⁴)
565 3153 638 3228 nam
653 3131 769 3209 Strabo
786 3132 907 3198 denno
923 3133 1213 3219 tantumloquitur,
1237 3153 1333 3216 quem

276 3265 478 3276 ——-...-—.-—

347 3319 567 3386 10)quaehnc
589 3334 674 3386 usque
697 3287 860 3375 dementium
882 3324 937 3374 sltu
958 3321 1100 3383 fluviisque
1123 3317 1253 3387 diximus,
1277 3323 1331 3374 de..
1419 3279 1420 3330 1

275 3409 370 3458 bemus
386 3408 527 3469 Kiapertio
545 3408 589 3470 qui
608 3421 667 3458 eam
688 3411 828 3474 regionam
850 3409 1004 3461 accuratius
1026 3406 1086 3467 ipsa
1101 3404 1229 3472 inspexit,
1248 3420 1331 3460 oom-

275 3492 378 3554 paratis
400 3498 544 3553 praeterea
566 3494 679 3546 aliorum
703 3495 880 3559 testimoniis,
908 3507 977 3557 quaa
999 3490 1090 3542 omnia
1112 3503 1330 3546 commemorare

274 3578 384 3640 longum
404 3583 447 3628 et
452 3593 462 3642 3
484 3592 542 3629 rem
563 3584 594 3631 ut
612 3576 741 3658 cetastis
755 3582 896 3647 perspicuo
914 3578 1072 3642 exposuisse
1089 3575 1199 3629 sufficit.
1271 3575 1328 3644 11)

275 3665 363 3714 strab.
382 3679 408 3726 p.
427 3662 488 3717 612.
519 3665 610 3718 Chois.
629 3669 718 3721 (ionii.
736 3669 763 3719 in
780 3670 834 3720 tab.
853 3679 948 3732 geogr.
961 3693 991 3706 -
1002 3663 1081 3731 Pouj.
1093 3663 1154 3717 279.
1166 3691 1197 3704 —
1212 3661 1326 3718 Chardi.

273 3763 300 3812 p.
321 3745 381 3800 185.
452 3749 502 3815 12)
522 3757 547 3805 1κ
570 3752 619 3806 τοῦ
643 3753 771 3821 πελάγους
792 3749 950 3822 ἀναχεομένη
972 3755 1060 3804 strab.
1082 3756 1139 3805 1.1.
1160 3781 1191 3794 -
1212 3752 1325 3806 chuadi·
1418 3771 1419 3822 i

274 3849 299 3897 p.
320 3835 379 3887 171.
399 3866 431 3877 -
450 3839 528 3901 iiiep.
547 3863 581 3874 -
599 3838 721 3904 Pouj.·p.
740 3837 801 3891 279.
821 3836 930 3906 „situe's
948 3835 965 3890 h
981 3853 1036 3903 peu
1053 3843 1087 3892 de
1105 3841 1226 3893 distame
1244 3845 1278 3894 de
1297 3845 1327 3893 la

273 3933 331 3971 mer
343 3928 371 3972 et
382 3925 601 3988 communiquant
616 3939 684 3976 avec
702 3918 778 3978 clle“
793 3926 912 3992 „rernpii
929 3927 963 3978 do
976 3924 1059 3992 jonos
1077 3931 1105 3978 et
1123 3930 1156 3978 da
1173 3920 1327 3980 roseaux.“

273 4003 325 4070 13)
344 4011 433 4060 strab.
451 4009 513 4061 ibid.
598 4007 650 4076 14)
668 4014 736 4064 Ptin.
756 4016 790 4082 V,
809 4010 853 4065 at.
874 4013 919 4064 uti
936 4009 1097 4078 scriptmam
1115 4018 1230 4068 selenus
1249 4019 1325 4066 liar*

219 4161 225 4170 ἡ
272 4093 370 4144 doinus
393 4109 409 4146 e
431 4097 508 4146 codd.
531 4097 667 4169 restitns,
684 4101 740 4154 'cni
766 4101 915 4154 assentitur
937 4105 1079 4166 upanhem.
1105 4105 1139 4155 ad
1163 4103 1324 4158 culhmactt

271 4181 361 4244 hymn.
380 4182 414 4233 ad
432 4182 510 4234 Dian.
527 4197 554 4234 v.
571 4182 633 4236 249.
