2916 4722
1042 281 1164 368 ¹95

110 459 260 548 equidem
284 481 444 547 exponere
460 465 642 543 omisissem,
664 467 725 529 nisi
740 469 914 532 arctissimo
938 469 1074 555 quodam
1097 473 1164 536 vin-

110 566 186 631 culo
217 589 287 631 cum
309 567 380 630 Dea
408 577 517 632 nostra
550 587 712 633 connexae
741 569 838 634 fnisse
866 572 942 636 mihi
969 573 1162 640 viderentur.

110 670 195 735 Nam
220 681 251 735 et
265 674 299 735 in
316 672 477 756 stephane,
499 693 589 752 zona,
611 670 746 758 pedibus
763 673 900 759 denique
915 679 1051 761 scriptae
1066 677 1162 742 fuisse

109 774 280 839 traduntur
297 776 339 854 ¹),
357 784 389 839 et
404 771 624 860 symbolorum
647 797 700 838 eas
716 775 821 840 locum
837 778 985 843 habuisse
999 789 1086 844 recte
1101 783 1163 865 jam

111 879 298 942 observavit
319 878 531 964 Androcydes
555 877 787 966 Pythagoricus
803 882 846 960 ⁸).
890 883 978 946 lnter
1008 904 1084 968 quas
1108 903 1165 947 vo-

111 1002 164 1044 ces
181 983 214 1062 ⁴)
244 1004 313 1046 cnm
343 1033 359 1061 ‚‚
368 1005 497 1062 annum,
527 981 645 1060 lucem,
673 983 837 1062 tenebras,
866 985 967 1050 solem
997 996 1029 1051 et
1050 990 1164 1051 verita·

111 1090 196 1148 tem“
211 1087 255 1164 ⁵),
278 1083 318 1149 de
341 1086 455 1171 quihus
471 1085 552 1150 infra
569 1084 691 1148 dicetur
705 1085 732 1169 ἓ.
750 1088 779 1164 8,
795 1087 839 1168 Ι),
862 1098 927 1152 tum
951 1093 1052 1168 etiam,
1075 1091 1163 1177 quod

110 1189 211 1274 magis
235 1187 275 1251 ad
297 1204 445 1268 nostram,
468 1197 622 1274 quatenus
638 1189 801 1273 hucusque
825 1195 1023 1276 exposuimus
1038 1204 1164 1258 senten-

109 1294 184 1354 tiam
217 1289 257 1353 de
279 1292 350 1355 Dea
373 1292 512 1384 Ephesia
542 1291 811 1377 comprobandam
840 1293 974 1372 faciunt,
1003 1303 1163 1373 ‚,terram“

109 1396 289 1458 invenimus
306 1396 338 1473 ¹)
363 1403 395 1458 et
415 1399 562 1479 ‚‚aquam“
577 1398 619 1474 7).
636 1429 679 1443 -
697 1395 908 1481 Dactylorum
931 1407 1035 1462 autem
1052 1399 1164 1463 Idaeo·

110 1521 193 1578 rum,
225 1501 278 1584 qui
307 1496 479 1562 litterarum
509 1501 692 1563 inventores
721 1500 866 1564 feruntur
888 1503 935 1581 ⁸),
965 1523 1162 1588 quorumque

108 1613 238 1688 praeter
253 1603 523 1666 Damnameneum
545 1600 679 1664 aliorum
702 1622 829 1688 quoque
851 1607 980 1668 nomina
1003 1609 1086 1670 inter
1108 1627 1164 1670 vo-

111 1728 162 1770 ces
189 1705 261 1769 illas
284 1705 442 1790 adscripta
465 1705 562 1768 fuisse
583 1703 678 1768 valde
701 1707 868 1771 verisimile
893 1717 940 1772 est
958 1709 1001 1788 ¹),
1029 1712 1062 1772 in
1085 1711 1163 1773 Her-

110 1807 181 1874 cule
206 1829 349 1894 quoque,
375 1805 469 1872 valde
496 1809 642 1894 Ephesiis
670 1807 757 1874 culto
786 1810 896 1895 (cl.§.
920 1813 1033 1892 13,1)
1065 1833 1164 1901 agno-

110 1911 228 1977 scenda
251 1922 326 1977 sunt
348 1914 489 2000 vestigia.
535 1911 630 1977 Hunc
645 1915 727 1977 enirn
750 1935 810 1999 pro
833 1913 975 2000 Dactylo
998 1916 1096 1981 Idaeo
1115 1917 1162 2000 ¹⁰)

111 2017 232 2102 Ephesi
252 2015 471 2102 accipiendum
495 2019 564 2080 esso
577 2017 617 2082 V.
630 2017 670 2080 D.
693 2019 818 2104 jamjam
841 2029 1033 2085 monuerunt
1050 2022 1106 2103 ¹¹).
1121 2057 1160 2072 -·

109 2149 310 2160 m...-

14 2181 20 2198 ⁸
110 2227 135 2274 p.
152 2209 198 2262 31.
217 2211 261 2264 32.
281 2241 313 2252 -
335 2213 410 2264 Alios
427 2212 548 2264 mitto.'
613 2208 648 2280 2)
673 2217 796 2266 Eustath.
821 2217 920 2278 odyss.
944 2201 1022 2284 XIV,
1046 2233 1072 2280 p.
1092 2215 1161 2269 leot

111 2300 197 2364 φωναί
214 2318 281 2356 τινες
298 2291 363 2365 ἦσαν
382 2301 423 2350 ἐπὶ
440 2299 487 2366 τῆς
505 2294 631 2367 στεφάνης
650 2297 757 2366 καὶτῆς
776 2300 854 2368 ζῶνης
872 2299 984 2352 καὶτῶν
1009 2298 1097 2353 ποδῶν
1116 2299 1162 2369 τῆς

108 2377 235 2452 Ἐφεσίας
251 2377 403 2452 Ἀρτέμιδος
421 2378 615 2452 αἰνιγματώὃσνς
633 2388 813 2454 γεγραμμέναι.
903 2381 938 2451 3)
959 2390 1010 2450 Ap.
1030 2385 1162 2438 Clementi.

109 2471 255 2522 Alexandr.
275 2473 373 2521 strom.
392 2472 427 2538 V,
446 2466 472 2520 8.
492 2473 568 2522 [lom.
586 2471 622 2537 ll,
637 2485 667 2533 p.
687 2469 753 2538 672,
774 2468 807 2520 16
831 2465 936 2536 (oxon.
954 2466 1045 2538 Pott.)
1064 2467 1162 2541 συμβό-

109 2557 157 2608 λων
175 2559 243 2621 ἔχειν
262 2557 325 2625 φησὶ
343 2554 425 2613 τάξιν.
476 2550 511 2622 4)
529 2557 617 2607 morai
629 2561 692 2608 sunt
708 2559 777 2620 apud
795 2559 975 2627 Eustachium,
995 2573 1062 2624 quas
1079 2572 1164 2610 voces

109 2641 349 2708 monogrammatis
366 2643 484 2706 scriptas
502 2643 589 2694 luisse
601 2657 716 2710 censo03
736 2658 819 2708 qrrure
834 2645 977 2716 γράμματα
989 2647 1078 2698 dictae
1090 2649 1162 2696 sunt.
1213 2653 1218 2664 ¹

109 2721 145 2792 5)
159 2722 269 2782 Ἄσανον
287 2721 430 2795 (σκότος),
449 2728 588 2782 κατάσκιον
605 2724 702 2796 (φῶς),
721 2730 815 2802 serpsi&
836 2727 998 2801 (ἐνιαυτὸς),
1017 2730 1163 2801 Δαμναμέ-

109 2831 166 2871 aroc
185 2815 214 2865 dl
231 2809 310 2880 ἥλιος,
330 2817 413 2866 uideor
433 2817 460 2866 dr
477 2810 715 2883 ἅληθὲςαΤαῦτα
735 2810 781 2868 οὖν
800 2817 857 2884 ἱερά
874 2822 928 2870 ἐστι
945 2821 989 2870 καὶ
1007 2814 1076 2886 ἅμα.
1104 2821 1163 2870 He-

109 2902 186 2962 sych.
206 2914 230 2950 s.
248 2915 274 2949 v.
294 2899 378 2951 (llam.
398 2903 474 2951 Alex.
493 2903 512 2952 l.
530 2905 548 2954 l.
585 2902 801 2966 Explicationem
823 2905 949 2956 invenies
970 2907 1040 2970 apud
1058 2906 1161 2956 Albert.

109 2987 142 3036 ad
161 2988 283 3048 nesyon.
372 2979 406 3051 6)
426 2985 460 3038 Tl
482 2988 509 3038 «ll
527 2989 586 3044 Ars·
605 2990 636 3055 ld
655 2990 781 3041 Clemens
805 2993 919 3044 Alerni.
938 2994 957 3042 l.
977 2991 1018 3042 Cf.
1043 2992 1161 3052 Hesych.

108 3085 130 3122 s.
156 3088 183 3122 v.
209 3073 269 3128 Ars·
292 3069 332 3138 μ).
441 3067 475 3138 7)
497 3076 574 3136 Apud
592 3075 756 3136 Hesychium
776 3076 847 3126 enirn
870 3079 930 3126 erat
946 3076 1024 3141 Ars,
1049 3076 1118 3136 quod
1146 3087 1163 3122 e

109 3156 195 3208 clem.
214 3160 292 3208 Alex.
317 3159 344 3210 ln
362 3161 390 3212 A
397 3161 423 3216 ὶε
440 3159 555 3210 mutavit
578 3160 669 3208 hamb.
693 3161 754 3208 llos.
792 3185 823 3194 —
860 3162 891 3208 ln
913 3161 966 3214 αἲξ
988 3163 1080 3209 autem
1102 3171 1161 3208 nra-

108 3243 146 3293 ris
166 3247 249 3308 atque
272 3247 402 3298 undarum
425 3240 650 3310 significationem
673 3245 848 3307 symbolicam
871 3246 958 3295 latere
980 3243 1032 3306 ipsi
1051 3246 1161 3293 veteres

108 3325 286 3381 affirmarunt.
331 3333 421 3395 Apoll.
440 3332 524 3382 Rhod.
547 3331 573 3396 1,
599 3327 660 3380 831.
692 3359 722 3368 -
754 3331 920 3382 Phanorinus
938 3345 961 3380 s.
987 3343 1013 3378 v.
1027 3328 1105 3394 Alyre
1129 3357 1160 3366 -

108 3417 227 3466 Tzetzea
246 3419 279 3466 ad
297 3420 434 3480 Lycophr.
453 3415 513 3467 135.
534 3439 564 3448 -
594 3415 634 3467 cf.
653 3419 810 3468 Forchham.
833 3419 904 3468 llell.
923 3418 945 3466 l.
982 3415 1051 3476 Quid
1068 3414 1162 3484 igitur,

108 3501 141 3568 si,
162 3505 191 3552 et
206 3503 247 3558 α’ίξ
259 3508 287 3553 et
305 3505 484 3571 osroenos,
504 3511 604 3555 terram
622 3506 650 3554 et
668 3516 763 3567 aquarn
780 3501 851 3552 inter
868 3515 952 3552 voces
964 3499 1096 3564 Ephesiae
1114 3514 1162 3552 re-

108 3588 180 3640 latas
204 3588 290 3639 fuisse
314 3603 490 3658 censeamus,
515 3605 581 3654 quas
605 3603 684 3653 quum
707 3591 739 3640 ab
763 3589 823 3638 aliis
848 3588 929 3638 aliter
952 3589 1064 3640 traditas
1088 3588 1161 3640 scia-

109 3687 177 3741 mus,
197 3675 248 3724 hac
266 3677 364 3726 saltem
382 3691 416 3727 ex
433 3680 512 3738 parte
529 3680 625 3728 nostra
642 3673 779 3726 sententia
796 3675 898 3726 nullam
915 3677 1027 3739 praebet
1045 3671 1162 3726 difficul-

109 3763 209 3822 tatem3
229 3765 351 3812 ceterum
368 3765 458 3812 autem
478 3763 619 3813 admodum
638 3760 717 3811 dubia
735 3766 786 3811 est.
875 3755 908 3825 d)
934 3761 1065 3812 clement.
1084 3764 1161 3812 Alex.

109 3849 209 3896 strom.
232 3848 260 3913 1,
284 3845 326 3897 15.
351 3861 413 3913 pag.
436 3847 504 3916 360,
530 3845 571 3898 18.
678 3841 713 3912 9)
735 3848 829 3898 Lobelr
850 3849 983 3912 Aglaoph.
1006 3849 1026 3896 l.
1047 3849 1066 3896 l.
1090 3845 1151 3896 n.l

109 3926 163 3996 10)
180 3931 316 3996 Dactylus
334 3935 432 3985 Idaeus
457 3937 589 3986 lleronles
612 3937 655 3985 est
677 3934 704 3983 in
728 3933 845 3984 Arcadia
867 3935 947 3984 Paos.
970 3933 1049 3998 Vlll,
1068 3929 1117 3998 31,
1135 3929 1162 3982 3.

106 4013 241 4086 Ἡρακλῆς
259 4018 332 4088 παρὰ
351 4021 383 4087 τῆ
401 4015 521 4091 Δήμητρι
540 4027 587 4071 .’..
606 4017 702 4070 τοῦτον
721 4057 727 4070 .
747 4056 753 4070 .
774 4057 779 4069 .
800 4022 864 4070 εἶναι
882 4011 1047 4070 τῶνἸὸαίσνν
1066 4019 1163 4070 καλου-

107 4097 196 4169 μένων
213 4101 354 4157 Δακτύλων
370 4099 559 4178 Ὀνομάκριτός
577 4123 652 4174 φησιν
671 4109 695 4156 ἐν
713 4111 769 4162 τοῖς
787 4107 865 4156 insui.
955 4098 1007 4167 11)
1025 4106 1117 4156 Muell.
1136 4119 1161 4166 p.
