2866 4736
1003 319 1152 424 'aa

91 497 166 566 ciac
181 493 254 558 iieri
277 491 404 560 solebat
419 497 476 576 ⁴⁰),
497 497 631 583 imperio
647 499 860 566 instruxerunt
876 503 939 584 ⁴¹);
961 507 995 567 in
1010 525 1074 589 quo
1089 527 1155 574 mu·
1208 483 1211 490 ¹
1238 589 1243 596 ι

90 617 171 662 nere
194 619 237 661 ne
261 602 504 682 aesynruetiam,
534 621 615 686 quae
638 600 812 669 dictaturae
834 605 920 692 apud
935 599 1087 672 'Graecos
1108 613 1155 674 vi-

91 723 161 765 cem
184 700 305 780 habuit,
328 722 537 789 agnoscamus
559 703 638 768 nihil
653 705 785 791 impedit
800 709 858 790 ⁴²).
904 710 985 776 Utut
1000 732 1079 776 voro
1097 723 1153 794 est,

91 805 295 870 Aristarchus
316 807 448 870 mamma
471 827 546 870 cura
569 817 602 873 et
622 807 790 894 prudentia
804 813 848 876 ita
869 833 928 898 per
942 816 1083 900 quinq'ue
1099 837 1152 880 an-

90 930 154 974 nos
177 910 395 990 (aot-559)
415 913 571 997 regnavit,
593 921 629 976 ut
646 915 786 978 omnium
801 917 915 980 civium
931 938 1070 984 amorem
1090 941 1153 984 me·

90 1015 206 1089 ruerit;
231 1011 345 1091 donec,
367 1010 459 1098 Cyro
486 1014 651 1080 Persarum
679 1038 758 1104 rege
781 1017 882 1099 iacto,
905 1019 1153 1102 Atheniensium,

90 1125 127 1180 ut
148 1113 286 1197 videtum,
307 1118 396 1203 jussu
417 1119 553 1204 imperio
577 1117 737 1220 abdicavit
752 1121 817 1232 44)..

447 1402 580 1454 surus
606 1403 809 1474 susurros.

91 1507 352 1608 Ephesiorum
377 1509 573 1586 historiam
599 1514 797 1592 continens
815 1515 1002 1614 usquead
1019 1541 1048 1592 a.
1069 1519 1151 1594 334.

571 1685 853 1790 sss

197 1818 268 1880 Pars
287 1820 395 1900 primm
433 1817 566 1898 Ephesus
585 1819 740 1884 Persarum
759 1825 882 1906 imperio
903 1824 1044 1905 subjecta.

183 1967 320 2046 Croeso,
343 1975 454 2033 contra
477 1991 571 2056 quem
588 1971 684 2037 Iones
700 1971 792 2058 Cyro
816 1996 911 2039 omne
934 1973 1080 2039 auxihum
1097 1997 1152 2040 ne·
1218 1963 1220 1966 ⁵
1271 2019 1279 2036 .

92 2081 211 2160 garunt
228 2072 276 2152 ¹),
299 2071 426 2136 devicto
449 2076 497 2152 (a.
521 2075 621 2166 otti
653 2080 758 2152 omnia
780 2077 860 2142 belli
881 2077 1151 2164 barbarorumque

91 2176 217 2261 imperii
239 2173 321 2238 mala
342 2175 403 2240 bos
425 2177 609 2257 manebant,
633 2200 738 2265 eoque
759 2183 859 2268 magis
883 2181 1031 2266 Ephesiis
1053 2185 1151 2245 immi-

92 2277 223 2358 nebant,
246 2299 310 2364 quo
332 2277 391 2366 sub
415 2277 543 2346 Croeso
566 2283 705 2366 majore,
727 2303 819 2366 quam
843 2286 960 2346 caeteri
982 2283 1093 2373 lones,
1115 2283 1152 2346 lr-

93 2381 217 2446 bertatc
239 2384 290 2445 usi
312 2393 409 2448 erant.
463 2386 554 2449 Pacis
578 2386 661 2447 enim
684 2383 921 2449 conditionibus
945 2407 963 2448 a
986 2383 1079 2470 Cyro
1103 2408 1151 2451 re-

91 2488 184 2571 jectis
199 2485 242 2566 ²),
265 2483 382 2550 auxih0
406 2473 603 2573 a'Spartanis
625 2496 773 2552 recusato
788 2489 832 2572 ³),
855 2509 950 2573 quum
969 2509 1074 2575 neque
1092 2489 1151 2554 Pa-

92 2599 188 2675 ctyae
211 2593 324 2653 contra
345 2590 457 2654 Persas
480 2589 595 2655 seditio
612 2592 663 2670 ⁴),
691 2593 784 2677 cujus
809 2594 901 2656 etiam
925 2593 1056 2678 Ephesii
1079 2615 1151 2680 par·
1206 2622 1210 2628 ·

91 2697 207 2781 ticipes
229 2693 327 2758 fuisse
347 2691 496 2758 videntur
511 2694 554 2775 ⁶),
575 2715 681 2780 neque
704 2697 844 2780 ipsorum
867 2693 1065 2764 Graecorum
1089 2698 1151 2759 exi-
1206 2703 1211 2712 '

91 2803 154 2862 mia
176 2801 277 2862 virtus
300 2805 395 2882 atque
418 2801 595 2863 constantia
617 2799 739 2865 Ioniam
762 2808 874 2864 contra
889 2799 1075 2889 Harpagum
1097 2797 1150 2863 de-

166 3001 220 3070 to)
239 3003 281 3057 Gi.
301 3007 392 3060 Herm.
409 3012 486 3060 Antt.
510 3003 536 3077 §.
554 3009 598 3062 63.
617 3025 643 3074 1».
664 3009 724 3062 141.
744 3009 804 3062 lta.
893 3007 946 3077 41)
965 3011 1063 3064 suidas
1081 3023 1104 3058 s.
1123 3023 1150 3058 v.

91 3085 275 3161 Ἀρίσταρχος.
364 3090 417 3160 tr)
436 3096 528 3146 Verbo
545 3095 660 3164 fluidae,
678 3098 724 3160 qni
743 3111 759 3147 e
777 3098 882 3146 lintona
898 3095 1024 3146 harmbsa
1041 3094 1149 3144 videtur

92 3172 147 3242 (ci.
167 3191 192 3228 o.
206 3179 256 3245 lv,
280 3175 437 3246 11.l,§.2‚
457 3193 483 3229 n.
501 3176 555 3242 V·.)
584 3174 664 3239 οὗτος
686 3179 733 3246 τὴν
757 3183 782 3229 ἓν
801 3173 906 3246 {Enicas
929 3176 1061 3247 μόναρχος
1084 3179 1151 3242 εἶχεν

91 3263 261 3340 1Εουσίςιν,ἒκ
273 3261 323 3316 τῶν
337 3257 490 3332 Ἀθηναίων
507 3259 576 3332 ἥκων
594 3263 695 3333 κλητὸς,
713 3263 782 3316 miro
795 3265 922 3327 quantum
938 3275 1000 3314 oum
1011 3262 1150 3314 Aristote-

91 3350 126 3402 lis
143 3352 210 3402 loco
228 3355 398 3418 congruunt,
417 3363 469 3416 quo
492 3350 688 3416 aesymnotiam
711 3349 787 3400 hisce
808 3348 899 3400 verbis
921 3349 1050 3402 describit
1073 3346 1150 3413 (Pol.

91 3436 140 3504 lv,
159 3433 188 3504 8,
207 3431 252 3501 2.)
270 3438 315 3486 uui
332 3435 363 3488 τὸ
381 3434 495 3488 παλαιὸν
513 3439 537 3488 iv
555 3443 612 3495 τοῖς
623 3429 872 3506 ἅρχαίοιςἛλλησιν
890 3429 1004 3504 ἐγίνοντό
1023 3455 1090 3494 τινες
1100 3432 1151 3505 μό-

91 3540 187 3593 ναρχοι
204 3517 253 3572 τόν
270 3516 376 3592 τρόπον,
389 3519 485 3574 τοῦτον
504 3515 715 3591 (αὐτοκράτορες
737 3515 860 3591 αἱρετοί)
884 3515 933 3579 οὓς
950 3518 1059 3573 ὶκάλουν
1076 3523 1152 3573 oton-

90 3605 204 3675 μνήτας.
276 3605 328 3672 43)
344 3604 490 3676 Ὑπανέστη
508 3608 535 3660 ta
553 3611 579 3660 in
598 3607 648 3658 τῶν
663 3600 826 3674 Ἀθηναίων.
862 3607 938 3658 suin.
950 3609 969 3658 1.
981 3609 1001 3658 Ι.

165 3703 201 3776 1)
220 3712 323 3762 Herod.
344 3711 373 3785 1,
397 3708 457 3763 141.
545 3707 580 3777 2)
604 3712 671 3763 sola
692 3711 805 3762 Miletus
828 3712 952 3779 easdam,
984 3709 1079 3774 qnlhrrs
1101 3711 1151 3762 sub

92 3795 201 3848 croeso
219 3795 318 3860 gavisa
335 3801 405 3865 erat,
423 3797 596 3849 conditiones
611 3796 738 3848 ¹obtinuit.
808 3791 845 3862 3)
862 3799 928 3849 Her.
947 3796 969 3862 1,
984 3793 1046 3846 153.
1116 3786 1151 3857 4)

91 3882 161 3934 ibid.
180 3895 205 3932 c.
225 3878 277 3932 154
295 3895 334 3934 ss.
417 3878 452 3947 5)
468 3876 670 3936 Ἐπιθαλάσσιοι
688 3882 761 3934 enirn
778 3875 927 3951 ἄνθρωποι,
945 3893 1013 3945 quos
1031 3881 1152 3942 rsctyas

93 3970 129 4020 ad
147 3965 333 4020 defectionem
350 3965 507 4031 peruenisse
525 3967 635 4035 dicitur,
653 3966 765 4020 nonnisi
777 3968 869 4034 iones,
889 3966 986 4031 quippe
1004 3964 1050 4030 qui
1068 3967 1152 4017 totam

92 4065 172 4106 oram
190 4053 339 4122 tenuerint,
356 4053 485 4106 morendi
502 4058 580 4116 sunt3
599 4053 672 4106 inter
688 4066 767 4122 quos,
785 4051 901 4106 nilacus
923 4050 1066 4105 seimonis
1082 4052 1152 4103 haud

8 4185 9 4202 ἦ
94 4139 286 4208 participibus,
305 4138 416 4205 Ephesii
432 4138 615 4205 notsnhssinri
632 4141 719 4192 erant.
