2866 4736
441 1408 586 1495 cunr
617 1411 807 1497 runnu.
883 1365 886 1370 ’

89 1567 402 1698 Ephesiorum
430 1563 607 1673 'ferree
639 1593 686 1674 et
709 1585 852 1675 Urbis
885 1559 1148 1704 descriptio.

530 1789 606 1848 Οατω
622 1797 753 1881 φιλαίτιος
768 1789 896 1857 οὐδείς’
881 1815 948 1854 οςτις
965 1789 997 1848 ἄν
1014 1799 1149 1884 μέμψαιτο

529 1867 674 1933 ἐκείνης
641 1885 688 1934 της
706 1865 805 1928 πόλεως
822 1864 886 1926 τοὺς
900 1863 988 1936 ὅρους
1005 1866 1087 1935 πολλὴ
1098 1872 1150 1991 μὲν

528 1934 578 2019 γὰρ
597 1939 634 1994 εἰς
620 1932 791 2020 μεσόγαιαν
808 1931 850 1988 dcl
864 1937 1007 2003 βαδίζοντι,
1025 1932 1150 2004 πολλὴιλ

527 1999 567 2058 ln
595 2025 677 2074 αντης
702 2027 750 2074 της
776 2003 937 2092 θαλάττης,
955 2005 1093 2074 πανταχοῦ
1122 2010 1150 2061 di

529 2075 603 2143 ἱκανὴ
627 2085 770 2166 παρασχεῖν
793 2073 898 2130 ἅπαντα
921 2097 987 2130 ασαν
1010 2080 1049 2130 δεῖ
1068 2075 1149 2143 πόλει,

527 2147 641 2205 διαίταις
658 2147 720 2199 cl‘
705 2166 819 2206 απασαις
832 2142 946 2218 ἀρκέσαι,
965 2143 1030 2207 ὅσας
1046 2144 1150 2230 ἅνθρω-

528 2235 574 2267 ποι
584 2216 740 2270 διαιτᾶσθαι
749 2215 872 2270 δύνανται
881 2221 925 2269 καὶ
916 2216 1129 2288 ιπρααιροῖννται.

556 2294 707 2338 Διίἰιιιιλιεσ
707 2297 840 2338 :cnecon
842 2296 902 2358 cord:
915 2310 937 2351 p.
930 2299 997 2339 ..77⁵
1013 2293 1121 2336 cdDind.
1211 2331 1213 2338 ,

568 2581 596 2667 ς.
644 2585 673 2646 1.

88 2725 223 2887 Quum
251 2790 286 2852 in
314 2790 494 2854 universum
518 2788 655 2856 Graecia
683 2811 885 2878 summopere
907 2790 1053 2860 locomm
1075 2813 1147 2857 suo·

87 2895 158 2956 rum
180 2902 292 2957 natura
319 2894 358 2956 iis
386 2892 522 2974 faveret,
549 2897 602 2981 qui
630 2893 724 2960 illam
744 2894 938 2975 habitarent,
968 2905 1000 2960 et
1022 2904 1146 2964 veteres

90 2994 210 3060 Graeci
239 2999 357 3083 optimc
385 2994 419 3060 id
440 2997 655 3087 intelligentes
685 2999 891 3064 omnimodo
913 3003 967 3078 iis,
990 3021 1071 3084 quae
1092 3021 1148 3063 na-

89 3107 163 3163 tura
189 3100 399 3185 praebuisset,
428 3102 603 3166 commodis
631 3107 677 3167 uti
706 3103 884 3180 studerent,
913 3106 947 3165 in
970 3099 1147 3166 condendis
1250 3140 1276 3153 .-

85 3221 217 3288 quoque
245 3213 330 3270 extra
360 3204 525 3270 Graeciam
560 3203 695 3269 coloniis
725 3207 994 3291 opportunissima
1022 3223 1147 3287 semper

83 3305 161 3370 loca
183 3328 357 3394 occupasse
381 3329 437 3374 eos
459 3307 615 3372 videmus:
645 3329 706 3393 qua
733 3311 768 3372 in
793 3329 829 3372 re
851 3306 934 3372 adeo
956 3309 994 3371 iis
1017 3305 1145 3372 favebat

84 3393 225 3490 lortuna,
247 3422 285 3476 ut
304 3413 414 3477 harum
436 3410 612 3477 nonnullae
642 3433 715 3476 mox
743 3411 844 3498 ipsam
872 3414 1005 3498 patriam
1031 3420 1145 3476 terram

82 3525 283 3601 superarent.
336 3515 435 3603 Quod
456 3520 491 3581 in
514 3514 609 3580 nullis
631 3517 731 3601 magis
753 3515 951 3580 manifestum
975 3526 1030 3596 est,
1053 3537 1146 3602 quam

81 3619 118 3681 in
140 3621 190 3697 iis,
213 3641 292 3706 quas
307 3621 403 3686 lones
425 3623 459 3686 in
473 3621 550 3686 Asia
558 3618 786 3690 condiderunt.
820 3621 903 3686 Nam
917 3631 1044 3706 praeter
1065 3618 1146 3685 illud

81 3723 302 3804 commodum,
325 3734 361 3789 ut
382 3734 494 3812 gentes
517 3723 602 3789 baud
629 3723 797 3788 mediocris
819 3724 923 3789 cultus
951 3726 1070 3788 vicinas
1093 3724 1147 3787 ha-

80 3825 207 3906 herent,
230 3851 249 3892 a
270 3827 384 3914 quibus
407 3837 440 3892 et
461 3832 522 3916 ipsi
537 3839 679 3924 possent,
702 3849 783 3916 quae
805 3827 895 3894 utilia
918 3827 978 3891 sibi
999 3826 1146 3892 videren-

79 3932 182 3995 turin
198 3954 290 3997 usum
302 3953 392 3996 suum
408 3931 580 4016 adsumere,
596 3935 737 4019 inprimis
753 3940 996 4020 peropportuno
1009 3929 1050 3996 ad
1063 3950 1146 3995 com·

79 4036 235 4102 mercium
258 4045 361 4103 terrae
384 4038 445 4101 situ
467 4036 659 4124 gaudebant.

923 4142 941 4201 l
991 4151 993 4166 .
