2916 4722
1118 339 1167 410 89

109 543 185 587 reas
208 521 333 588 duxisse
359 531 504 588 narratur
519 523 567 603 ⁵),
598 523 690 607 eique
719 521 877 588 sacrificia·
900 525 1100 610 praebuisse,
1124 523 1166 590 de

110 627 227 712 quihus
242 625 324 690 infra
339 625 439 690 fusius
455 623 622 690 dicendum
639 636 687 690 est
708 626 761 706 (cl.
774 625 802 710 ξ.
818 627 848 706 8,
864 627 917 707 ll).
963 630 1023 692 Hic
1037 648 1116 692 vero
1132 627 1167 691 id

110 741 235 795 tantum
257 729 430 794 tenendum
455 737 511 807 est,
533 730 566 790 in
590 749 645 794 ora
661 731 812 793 maritima
836 741 869 794 et
884 732 918 793 in
932 729 1065 814 λειμῶνι
1081 729 1168 815 Cay-

110 837 190 898 strio
221 831 315 897 ludos
344 831 417 897 illos
446 831 549 896 factos
579 851 657 895 esse.
704 832 844 916 Quibus,
871 855 966 919 quum
990 835 1077 897 etin
1099 835 1168 898 uni-

109 959 252 1014 versum,
283 947 315 1000 et
343 939 376 998 in
407 933 541 998 Arcadia
569 937 767 1020 potissimum
783 936 831 1014 ⁶),
864 936 1015 1020 λειμῶνες
1042 935 1168 1000 Dianae

111 1041 194 1104 sacri
216 1039 316 1103 hahiti
339 1041 402 1101 sint
418 1040 466 1120 7),
488 1037 573 1102 haud
596 1061 704 1124 parum
727 1041 759 1102 in
783 1048 895 1103 natura
916 1047 1045 1102 nostrae
1067 1037 1166 1116 Deae,

112 1146 138 1206 si
160 1164 232 1207 non
255 1139 490 1218 constituenda,
516 1141 735 1206 confirmanda
763 1163 841 1206 sane
870 1139 1062 1226 adjuvamur.
1109 1143 1168 1206 Au

111 1245 211 1326 cedit,
249 1243 336 1332 quod
371 1242 425 1307 vel
458 1247 561 1329 ipsum
592 1243 767 1330 Clymenes
802 1265 919 1308 nomen
953 1248 1102 1308 marinam
1136 1254 1169 1308 et

110 1353 212 1436 ipsius
236 1359 268 1414 et
289 1349 380 1412 Deae
409 1354 559 1410 naturam·
580 1347 722 1412 indicare
750 1349 877 1414 videtur
893 1350 937 1428 Β).
990 1349 1056 1412 Res
1080 1347 1168 1411 deni-

112 1475 174 1538 que
197 1453 322 1516 marimi
343 1452 495 1514 momenti
519 1458 578 1528 est,
609 1449 696 1536 quod
725 1455 778 1538 qui
807 1474 895 1516 sacra
918 1454 1043 1518 Dianae
1065 1451 1169 1536 Ephe-

111 1559 177 1620 siae
199 1556 374 1620 instituisse
397 1552 559 1632 diountur,
585 1555 608 1616 ii
630 1574 740 1618 omnes
763 1557 913 1620 marinam
936 1553 1093 1641 quandam
1114 1575 1169 1618 na-

112 1671 215 1724 turam
231 1679 308 1744 prae
330 1678 366 1721 se
388 1656 510 1731 ferunt;
536 1677 629 1740 quam
651 1657 918 1744 significationem
941 1668 973 1724 et
995 1661 1029 1723 in
1044 1659 1168 1744 Hippus

112 1765 252 1841 nomine,
275 1781 355 1846 quae
378 1757 463 1845 apud
488 1757 716 1824 Callimachum
743 1765 843 1846 prima
865 1783 954 1826 saera
977 1762 1102 1826 Dianae
1124 1760 1170 1826 le-

114 1869 194 1932 cisse
225 1864 372 1942 traditur,
401 1861 652 1928 animadvertere
680 1865 756 1928 mihi
785 1867 871 1930 visus
890 1887 969 1929 sum
991 1867 1039 1946 ⁰),
1075 1881 1107 1928 et
1134 1866 1169 1928 in

114 1969 220 2036 Creso
243 1967 474 2046 autochthone,
498 1969 552 2052 qui
573 1987 637 2030 una
665 1989 734 2032 cum
758 1967 889 2054 Caystri
911 1968 995 2047 lilio,
1029 1968 1168 2054 Epheso,

114 2071 226 2159 templi
252 2073 379 2136 Dianae
408 2069 558 2136 conditor
588 2070 766 2156 appellatur
796 2072 881 2158 apud
906 2073 1094 2138 Pausaniam
1111 2072 1167 2152 ¹⁰).

15 2239 16 2242 ,
114 2177 208 2243 Cresi
237 2177 320 2240 enim
349 2195 467 2239 nomen
495 2174 631 2238 fontium
665 2185 698 2239 et
728 2197 828 2260 aquae
861 2178 969 2260 potius
1003 2177 1169 2238 notionem

115 2283 281 2346 continere
312 2299 428 2344 censeo
446 2278 508 2357 ¹¹),
537 2299 630 2362 quam
659 2276 699 2341 ad
727 2275 900 2342 Cretenses
929 2285 1089 2362 spectare;
1119 2277 1169 2340 oui

183 2521 224 2599 5)
240 2527 305 2579 IbIrI.
324 2531 349 2580 o
367 2524 478 2598 λειμῶνι.
513 2528 544 2578 1ο
563 2527 647 2579 maris
665 2531 755 2580 autem
776 2540 826 2579 ora
847 2529 926 2578 ludos
949 2526 1038 2576 laetos
1062 2536 1125 2576 esse
1143 2527 1169 2576 a:

114 2611 163 2664 τῶν
181 2609 292 2681 allator
309 2611 457 2682 ιὶλοτιημιων
475 2618 597 2676 apparet.
674 2609 708 2677 6)
726 2615 844 2665 Pausan.
862 2614 938 2680 VIII,
957 2609 1001 2678 ⁵3,
1019 2611 1046 2662 2.
1071 2611 1113 2664 Gt.
1132 2611 1169 2679 II,

114 2696 157 2768 35,
176 2697 205 2750 2.
295 2694 329 2765 7)
344 2697 399 2770 ‘Ipsi
423 2700 467 2750 noi
481 2693 636 2769 Ἀρτέμιδος
654 2701 738 2769 πηγαὶ
758 2698 880 2765 ναμάτων
898 2699 943 2751 καὶ
959 2693 1042 2750 νάπαι
1060 2699 1105 2750 καὶ
1122 2691 1170 2748 ἆν-

114 2787 198 2855 θηροὶ
216 2781 341 2855 lupam.
382 2785 490 2836 Maxim.
509 2786 611 2850 I'yrius
628 2800 669 2838 or.
687 2787 839 2838 XXXVIII.
932 2780 966 2847 8)
991 2797 1016 2834 a.
1036 2783 1170 2846 Clymene

116 2871 220 2922 oceani
238 2875 267 2922 et
283 2873 405 2934 thetyos
430 2868 487 2922 fillo
504 2874 607 2937 Theog.
626 2871 759 2925 3515117
778 2888 816 2924 ss.
837 2899 868 2911 -
896 2871 974 2935 vitg.
1000 2870 1168 2936 Georg.1V‚

114 2955 256 3009 ets-a.
274 2958 357 3008 Nerei
375 2957 523 3008 etDoridis
540 2955 596 3010 filla
613 2959 691 3010 Iliad.
709 2960 809 3027 XVIII,
828 2957 872 3010 47.
890 2981 927 2992 —
945 2969 970 3007 ο.
979 2957 1102 3019 Nympha
1120 2956 1170 3004 ‹Ie-

115 3043 195 3122 ntqpe
215 3047 267 3110 est,
291 3057 359 3107 quae
383 3043 589 3106 Parthenopaeo
611 3047 787 3096 Promaehnm
806 3044 913 3106 peperit
930 3043 1019 3104 Apoll.
1038 3042 1060 3105 I,
1080 3037 1106 3104 9,
1127 3037 1169 3088 13.

117 3156 148 3167 -
166 3131 218 3194 III,
239 3127 265 3196 7,
283 3128 309 3179 2.
346 3124 418 3194 (led
437 3133 465 3179 et
483 3131 516 3178 ad
534 3129 638 3178 Inferos
661 3143 758 3180 nomen
776 3130 844 3177 illud
861 3127 1021 3188 saepissime
1039 3121 1170 3186 spectat.)

114 3211 149 3280 9)
166 3216 247 3266 Dian.
266 3231 292 3264 v.
310 3203 372 3266 239.
392 3216 496 3265 Τέλεσεν
519 3214 548 3264 δέ
571 3233 614 3264 τοι
636 3213 705 3283 ἱερὸν
724 3210 815 3264 Ἱππώ.
837 3239 868 3250 ·-
888 3211 992 3276 Hippo,
1012 3221 1081 3272 quae
1100 3211 1170 3271 apud

116 3300 309 3352 GaIIImaohum
327 3301 475 3353 Amazonis
501 3299 608 3364 dialtrrr,
635 3299 704 3350 alias
723 3298 827 3350 Oceani
853 3301 882 3348 et
899 3298 1021 3359 nnetyos
1044 3291 1102 3345 lilia
1127 3297 1171 3345 est

116 3389 219 3453 Theog.
231 3386 293 3438 351.
327 3390 359 3438 In
378 3371 448 3452 i'mup
467 3386 539 3437 enim
555 3385 638 3436 maris
657 3389 685 3436 et
702 3387 833 3436 undarum
850 3383 989 3434 notionem
1007 3383 1105 3447 latere,
1124 3391 1171 3430 res
1279 3386 1281 3390 ·

116 3473 259 3524 notissima
277 3477 328 3524 est.
364 3473 543 3536 Staokelherg
555 3475 605 3534 Ap.
618 3474 711 3534 Temp.
723 3485 750 3534 p.
765 3467 825 3522 139.
836 3493 871 3506 -
882 3471 1090 3520 Vorohhammer
1102 3467 1171 3516 IIeI-

116 3560 170 3609 len.
189 3561 212 3626 Ι,
231 3575 258 3622 p.
278 3557 330 3614 115
348 3573 386 3611 ss.
403 3581 439 3596 -··
458 3559 579 3611 Gerhard
596 3559 779 3610 Auserlesene
798 3558 965 3620 Vasengam.
983 3570 1010 3617 p.
1023 3551 1067 3604 41.
1080 3549 1125 3620 ln,
1144 3566 1170 3602 n.

116 3641 242 3696 41-48.
260 3669 298 3681 -
314 3647 440 3697 Panoflra
459 3645 619 3696 Ortsnamen
637 3641 718 3707 p.ll.
793 3638 842 3708 10)
861 3639 968 3712 Κρῇοος
986 3642 1013 3692 hl
1028 3634 1171 3705 αὐτόχθων
1264 3707 1268 3712 ι

117 3733 162 3783 καὶ
174 3725 287 3802 Ἔφεσος
305 3769 311 3783 .
332 3767 339 3782 .
359 3770 364 3782 .
384 3725 460 3782 οὖτοι
477 3729 509 3782 τὸ
528 3728 596 3800 aper
613 3733 675 3782 εἰσιν
694 3733 721 3781 ol
738 3727 914 3798 ἱδρυσάμενοι.
933 3730 1014 3778 Paua.
1026 3729 1088 3792 VII,
1106 3725 1134 3790 2,
1146 3723 1171 3774 7.

118 3813 169 3881 11)
187 3819 295 3886 Κρῆοος
313 3817 384 3868 enim
402 3831 465 3882 vox,
487 3816 547 3868 sive
567 3819 602 3868 ad
625 3815 712 3885 κρήνη,
735 3815 794 3866 'sire
817 3818 851 3866 ad
869 3815 949 3866 aliam
968 3813 1102 3878 ortginem
1123 3823 1171 3886 re-

118 3906 280 3955 eur-rendum
299 3904 345 3970 stt,
372 3918 390 3954 a
413 3904 459 3970 ρεἰι
482 3902 542 3953 sine
564 3901 644 3952 dotto
662 3901 809 3952 derivanda
827 3904 879 3966 est,
898 3895 1018 3962 praefixa
1034 3898 1127 3948 littera
1145 3917 1171 3964 κ,

118 3983 191 4052 quod
209 3994 237 4041 et
255 3989 283 4040 ia
302 3987 406 4060 Κρόνος
423 3989 523 4039 Iactum
548 3991 599 4039 est.
620 4015 651 4027 -
681 3986 722 4038 Gt.
745 3985 844 4038 montis
862 3987 983 4056 Κρησίου
1000 3995 1108 4052 nomen,
1127 3982 1173 4046 qul

118 4080 230 4139 propter
252 4077 366 4128 fontium
390 4075 578 4128 abstrahentiam
601 4074 641 4126 Ita
664 4076 817 4138 appellatus
842 4072 955 4146 videtur.
994 4073 1073 4123 Paua.
1097 4070 1172 4135 VIII,

118 4157 165 4226 44,
183 4159 207 4212 7.
685 4175 697 4204 ι
