2866 4736
1175 305 1220 356 xl

159 478 199 547 in
231 500 286 546 res
317 471 563 574 mythologicas
595 469 799 544 definiendas
830 474 874 546 sit
904 482 1125 557 momentum,
1162 472 1218 541 vix

158 570 369 644 mouendum
395 581 448 642 est
472 569 562 663 (53
586 581 731 666 praeter.
749 571 942 644 universum
968 595 1042 665 cap.
1063 565 1112 660 Ι.)
1151 565 1218 640 Se-

188 682 312 742 uuntur
344 673 379 740 et
409 667 539 740 fabulae
564 667 614 759 (5.
640 665 687 759 4)
719 679 794 740 ets
854 667 932 742 bola
957 669 1029 740 sive
1054 666 1220 750 attributa,

162 695 210 840 de
236 763 368 866 quibusx
383 764 433 859 55
459 766 493 837 5.
519 767 543 836 6
568 765 720 836 disserui.
815 790 834 836 e
865 768 999 838 nomine
1024 776 1150 850 autem,
1175 790 1219 836 ne

163 864 247 964 quid
270 873 527 962 praeposterum
551 860 754 958 proferrem,
784 863 953 959 prioribus
983 874 1108 934 tantum
1134 859 1219 932 indi·
1297 871 1300 878 '

163 965 226 1035 ciis
252 961 430 1059 expositis,
461 960 490 1053 5.
517 961 537 1032 7
565 958 743 1032 dicendum
768 962 892 1032 censui.
918 985 965 1014 -·
997 956 1112 1038 Quum
1137 985 1219 1030 vero

164 1059 341 1157 hucusque
358 1057 403 1128 de
426 1083 491 1128 una
508 1063 634 1128 tantum
660 1081 767 1155 eaque
791 1059 945 1154 primaria
961 1054 1061 1130 Deae
1085 1069 1219 1128 nostrae

164 1157 406 1254 significatione
432 1154 600 1241 dixissem,
626 1180 687 1226 eae
712 1180 848 1253 quoque
873 1157 1018 1228 rationes
1043 1155 1219 1228 conferen-

163 1255 364 1339 deserant,
397 1253 579 1350 inquibus
611 1263 686 1324 cum
719 1252 789 1324 aliis
819 1254 1008 1326 numinibus
1039 1251 1219 1328 similitudo

164 1351 329 1451 quaedam
355 1361 411 1421 aut
436 1352 591 1446 cognatio
617 1362 808 1447 appareret;
841 1377 907 1448 quo
934 1351 1057 1421 sactum
1084 1361 1151 1434 est,
1183 1361 1220 1423 ut

163 1449 394 1520 nonnullarum
427 1449 542 1535 ctiam,
574 1473 656 1546 quas
686 1448 860 1546 hucusque
891 1445 971 1526 Vv.
990 1445 1061 1518 Dd.
1093 1473 1219 1544 propo-

165 1549 328 1632 suerunt,
363 1547 600 1618 sententiarum
638 1571 758 1617 causae
792 1559 892 1644 atque
929 1557 1124 1642 argumenta
1161 1571 1219 1614 co-

168 1655 411 1742 gnoscerentur
436 1643 488 1738 (5.
513 1642 570 1734 8).
630 1640 738 1714 Hisce
763 1645 880 1740 igitur,
906 1668 991 1740 quae
1017 1643 1060 1714 ad
1083 1644 1219 1714 interio-

166 1769 240 1814 rem
267 1738 398 1813 Dianae
428 1739 460 1814 E
484 1739 599 1812 hesiae
629 1753 778 1812 naturam
810 1752 1016 1838 spectarent,
1049 1741 1220 1838 expositis,

166 1839 212 1912 de
244 1841 389 1912 externis
422 1768 530 1911 cuitus
561 1839 743 1912 rationibus
781 1837 959 1918 dicendum
998 1841 1113 1912 censui
1133 1835 1219 1932 (55.

164 1937 321 2032 9-11)
349 1949 383 2008 et
409 1935 452 2008 de
476 1936 624 2034 reliquis,
650 1958 734 2034 quos
750 1934 878 2034 Ephesi
907 1937 1016 2010 cultos
1032 1937 1220 2034 reperimus
1298 2011 1301 2022 ¹

163 2033 244 2107 Diis
275 2035 386 2106 omnia
410 2034 486 2105 colli
513 2033 598 2106 enda
628 2033 782 2128 (5512.
824 2033 902 2127 13).
978 2031 1089 2112 Quam
1120 2035 1220 2105 ratio-

163 2159 242 2204 nem
278 2133 307 2205 si
334 2133 407 2229 quis
432 2133 465 2202 iu
488 2060 622 2204 Eianae
646 2131 817 2228 Ephesiae
849 2145 964 2204 natura
990 2130 1221 2204 constituenda

163 2229 466 2302 Illustrissimorum
490 2226 661 2302 Virorum·
677 2232 773 2326 sequi
797 2229 972 2316 voluisset,
999 2241 1033 2300 et
1058 2230 1221 2300 sententia

169 2327 211 2399 de
236 2327 460 2400 celeberrimo
485 2326 552 2398 hoc
578 2327 665 2398 cultu
692 2325 916 2421 gauderemus
945 2326 1049 2396 multo
1076 2327 1221 2412 certiori,

165 2450 278 2524 neque
305 2450 381 2521 ego,
406 2427 470 2496 tiro
494 2451 644 2522 prorsus,
669 2421 777 2520 primo
799 2423 866 2495 hoc
883 2422 1067 2494 studiorum
1083 2423 1221 2520 publico

165 2525 361 2620 specimine,
387 2547 463 2594 cum
479 2525 577 2594 tantis
590 2519 683 2596 Viris
709 2533 877 2594 certamen
894 2523 977 2594 inire
993 2547 1137 2621 unquam
1161 2547 1221 2620 pe-

164 2621 328 2692 riclitatus
353 2619 500 2692 fuissem.

268 2715 372 2794 Quod
396 2743 478 2789 vero
504 2717 547 2788 ad
573 2729 724 2815 quartum
756 2716 996 2820 dissertationis
1021 2730 1122 2814 caput
1146 2719 1220 2788 atti-

164 2827 234 2901 net,
259 2827 493 2887 antecessores
516 2815 618 2888 habui
648 2817 681 2885 in
708 2841 747 2887 ea
771 2826 895 2886 tantum
921 2826 1033 2910 parte,
1066 2841 1152 2912 quae
1178 2813 1221 2886 de

167 2912 284 3010 templi
311 2912 449 2984 historia
481 2925 516 2986 et
546 2924 712 2985 structura
743 2925 796 2984 est
827 2913 843 3007 (
851 2937 927 3010 pars
953 2909 1000 2998 Π,
1020 2913 1079 3007 55.
1107 2914 1138 2983 l.
1163 2911 1219 3004 2).

168 3009 312 3083 Praeter
335 3022 470 3083 veteres
496 3013 583 3084 enim
607 3008 879 3083 Demetrium
909 3007 973 3102 (cs.
1001 3036 1029 3082 c.
1055 3007 1116 3095 lv,
1141 3007 1166 3094 l,
1192 3008 1221 3100 5.

168 3107 203 3194 2,
221 3104 270 3198 V)
297 3119 338 3180 et·
352 3106 574 3180 Philonem
591 3107 873 3206 Byzantinum
900 3103 1081 3202 (Spectac.
1099 3103 1221 3176 Mundi

167 3231 198 3276 c.
225 3202 292 3280 Vi]
317 3205 369 3276 ed.
395 3202 520 3298 Altat.)
546 3207 753 3277 recentiores
785 3203 828 3274 de
858 3203 984 3298 templo
1016 3205 1082 3273 scri
1107 3215 1223 3274 serunt

166 3300 255 3376 Leo
280 3300 484 3390 Allatius,
510 3301 552 3374 ad
576 3301 709 3374 Philon.
735 3299 840 3394 Byr„
864 3297 1045 3371 Maurus
1063 3229 1220 3372 doeth:

167 3399 212 3472 de
238 3401 364 3498 templo
389 3398 521 3474 Dianae
545 3399 725 3498 Ephesiae.
769 3384 921 3471 Dissert.
941 3358 1083 3496 ridpsall.
1111 3399 1221 3486 17003

163 3495 348 3570 Forster
374 3525 431 3570 sur
456 3500 488 3570 le
507 3499 639 3596 -temple
664 3497 707 3571 de
732 3497 763 3568 la
787 3495 900 3570 Diane
926 3495 1107 3594 d'Ephese.
1141 3493 1221 3570 Μό-

164 3599 291 3670 moires
324 3595 367 3668 dc
398 3595 429 3668 la
467 3597 594 3668 societe'
632 3595 693 3668 des
726 3598 791 3667 anti
815 3623 847 3666 u.
881 3595 924 3676 de
956 3591 1077 3667 Cassel
1109 3595 1221 3678 17933

164 3691 280 3766 Hirt:
306 3691 427 3766 Ueher
460 3693 526 3766 den
552 3692 698 3791 Tempel
729 3621 925 3766 derquana
956 3719 1021 3767 von
1053 3691 1221 3788 Ephesus.

165 3789 260 3864 Berl.
289 3791 395 3862 1809.
422 3835 468 3846 -
495 3789 717 3864 Gesch.⁸der
741 3789 919 3864 Baukunst
942 3787 974 3876 Ι,
1005 3816 1038 3886 p.
1064 3789 1146 3860 232.
1174 3832 1221 3844 -

165 3886 371 3962 Versionem
397 3893 619 3985 germanicam
654 3889 727 3961 iibri
760 3887 940 3961 Stuartii
973 3883 1052 3959 Ant.
1080 3885 1119 3957 os
1139 3884 1220 3958 Ath.

166 3985 230 4081 (V,
247 4008 272 4073 1,
288 4015 321 4084 p.
340 3988 429 4080 332)
447 3987 537 4062 adire
555 4014 621 4060 nou
640 3988 739 4060 licuit.
789 3982 887 4058 Alios
906 3988 1028 4084 passim
1054 3983 1134 4056 inira
1152 3985 1220 4055 lau-

167 4084 264 4156 datos
282 4088 441 4158 invenies.
