2910 4726
270 321 341 394 150

266 497 438 573 Eualces
454 500 920 596 contexuit'Epaeraxefl).
943 503 1204 568 Democritus
1220 504 1330 590 Ephe-

266 617 341 690 sius,
353 615 441 697 cujus
460 609 507 674 dc
524 607 675 696 templo
693 610 900 698 Ephesino
915 607 999 674 liber
1010 609 1130 685 citatur,
1141 628 1209 672 non
1221 607 1327 672 solum

267 715 308 778 dc
330 713 450 798 templo
474 716 578 802 egisse
600 711 736 792 videtur,
757 709 816 776 sed
838 715 872 776 in
889 713 1071 776 universum
1094 712 1187 774 etiarn
1213 710 1255 776 de
1278 733 1329 776 re-

266 817 326 882 bus
349 817 560 902 Ephesiorum
583 815 780 894 disseruisse,
800 814 888 901 quod
911 837 949 880 ex
970 814 1139 901 fragmenti
1161 813 1328 900 cujusdam

266 919 376 986 indole
400 929 540 1006 apparet,
563 922 596 984 in
619 940 684 1004 quo
714 917 847 997 diversa,
869 917 984 1004 quibus
1008 921 1057 982 usi
1080 917 1199 982 luerint
1224 918 1330 1003 Ephe

266 1026 320 1102 sii,
341 1026 601 1088 vestimentorum
629 1043 750 1110 genera
778 1022 849 1090 fuse
878 1021 1101 1088 describuntur
1115 1021 1175 1100 ⁴³).
1220 1020 1329 1088 Valde

269 1126 406 1212 denique
435 1125 537 1192 lectus
565 1129 737 1200 Batonis
766 1126 953 1212 Sinopensis
974 1127 1023 1204 ⁴⁴)
1060 1122 1108 1190 de
1137 1129 1327 1208 tyrannis

266 1231 456 1318 Ephesiis
477 1231 561 1296 liber
582 1229 709 1296 videtur
723 1231 788 1308 ⁴⁵);
817 1231 906 1316 cujus
938 1228 1113 1316 fragmenta
1136 1227 1189 1290 vel
1216 1239 1328 1315 aperte

266 1335 329 1399 hoc
354 1339 484 1401 nomine
513 1333 627 1413 relata,
656 1331 709 1396 vel
736 1355 818 1418 quae
846 1334 940 1399 certis
964 1353 1002 1396 ex
1025 1353 1065 1398 co
1088 1331 1233 1398 desumta
1256 1354 1328 1400 esse

266 1441 458 1526 argumentis
481 1437 612 1525 probari
634 1446 757 1522 potest,
787 1436 851 1502 hoc
872 1436 940 1502 fere
964 1434 1077 1502 ordine
1100 1435 1327 1521 componenda

265 1552 359 1607 sunt:
407 1545 434 1607 l.
471 1540 586 1606 Suidas
615 1562 641 1606 s.
676 1564 706 1604 v.
739 1535 955 1624 Πυθαγόρας
983 1538 1326 1621 (ct.‚‚-tnemtcav“).

264 1647 295 1710 2.
319 1645 443 1712 helian.
466 1646 544 1709 Var.
559 1646 638 1713 Hist.
662 1645 717 1724 111,
738 1645 782 1709 26
807 1653 839 1708 et
863 1642 1018 1728 Polyaeu.
1041 1642 1177 1730 Strateg.
1201 1643 1259 1722 Vl,
1283 1645 1327 1710 60

265 1747 306 1813 de
329 1749 480 1814 Pindaro.
511 1787 551 1803 -
581 1750 613 1814 3.
636 1745 725 1814 Suid.
756 1769 780 1812 s.
803 1769 834 1812 v.
860 1743 1083 1834 Ἀρίσταρχος.
1120 1779 1161 1794 ·-
1196 1748 1248 1827 (4.
1272 1748 1326 1814 De

265 1851 368 1917 Coma
393 1863 425 1916 et
448 1853 653 1938 Athenagora
682 1849 788 1914 brevis
818 1859 939 1914 tantum
969 1860 1069 1914 exstat
1097 1852 1212 1914 notitia
1238 1850 1326 1938 apud

266 1952 402 2018 cundem
425 1975 450 2018 s.
474 1977 503 2017 v.
522 1950 718 2032 Ἱππῶναξ).
743 1990 784 2002 -
809 1953 839 2016 5.
864 1952 986 2016 Arrian.
1010 1953 1163 2032 1‚17‚11
1188 1953 1231 2018 de
1248 1955 1326 2040 Syr-

263 2057 374 2142 phace.
400 2093 439 2106 -
464 2057 494 2119 6.
517 2054 674 2140 Polyaen.
697 2054 755 2132 Vl,
776 2055 820 2124 49
844 2053 885 2122 de
907 2055 1056 2143 Hegesia.

345 2158 560 2224 Menandri
578 2154 709 2244 Ephesii
725 2168 858 2236 „actus
881 2179 1010 2245 regum
1031 2155 1131 2244 apud
1147 2157 1324 2228 Graecos

264 2274 302 2329 et
312 2265 340 2331 B
350 2286 366 2330 a
375 2263 417 2330 rh
427 2285 494 2330 aro
503 2285 517 2327 s
526 2267 542 2296 “
555 2273 777 2341 memorantur,
790 2283 954 2349 quosque
968 2265 1067 2350 magis
1079 2262 1230 2328 historiae
1241 2264 1324 2330 fides

263 2379 433 2449 constaret,
457 2391 475 2434 e
497 2365 692 2456 singularum
719 2369 955 2453 provinciarum
977 2365 1067 2433 libris
1090 2365 1204 2436 dieitur
1227 2367 1325 2434 colle-

263 2475 349 2560 gisse
365 2474 424 2554 ⁴⁶).
469 2472 604 2557 Scripsit
630 2481 796 2556 praeterea
823 2471 899 2556 περὶ
921 2473 987 2536 τῶν
1008 2475 1044 2535 ἐν
1072 2466 1167 2558 Τύρῳ
1187 2472 1325 2556 [defluer-

263 2571 423 2642 λευκότων
438 2578 497 2655 ⁴⁷).
522 2613 562 2628 -
587 2574 706 2639 Nescio
723 2596 764 2642 ao
780 2572 958 2642 Ctesiam
980 2575 1043 2642 huc
1064 2575 1198 2642 referam
1218 2577 1324 2662 Ephe

263 2681 351 2757 sium,
368 2681 457 2765 cujus
473 2675 520 2742 de
536 2679 689 2742 Perseo
705 2676 806 2742 libros
821 2688 976 2745 memorat
986 2679 1123 2749 Vossius
1138 2680 1191 2758 ⁴⁸).
1215 2679 1323 2744 Valde

264 2785 348 2845 enim
370 2789 534 2865 suspectus
564 2777 708 2844 redditur
737 2789 924 2864 propterea,
953 2781 1041 2867 quod
1071 2781 1158 2869 apud
1179 2783 1323 2850 Pseudo

262 2881 465 2948 Plutarchum
489 2881 547 2960 „de
563 2881 684 2948 fluviis“
707 2885 820 2949 citatur
836 2883 862 2918 ⁴⁹
873 2885 896 2965 )‚
917 2904 999 2968 quos
1015 2889 1068 2972 qni
1086 2885 1195 2968 laudet
1210 2908 1321 2952 omnes

262 2985 331 3050 fere
360 2984 453 3050 fictos
484 3007 554 3054 esse
582 2987 696 3050 scimus
726 2994 882 3050 auctores.
931 2987 997 3054 Sed
1027 2992 1120 3054 etiam
1148 2989 1351 3071 Alexan,

264 3088 389 3168 drum,
412 3092 531 3178 quippe
554 3104 646 3177 quom
675 3089 838 3157 historiam
861 3095 1089 3180 conscripsisse
1112 3097 1247 3162 sciamus
1263 3097 1321 3176 ⁵⁰),

330 3271 383 3342 42)
401 3280 498 3328 Athen.
521 3279 601 3345 xlrt,
624 3293 650 3342 1).
675 3275 737 3329 573.
844 3275 897 3345 43)
920 3279 988 3350 Περὶ
1010 3277 1058 3332 τοῦ
1081 3284 1106 3332 ir
1125 3276 1228 3353 Ἐφέσῳ
1252 3281 1319 3336 ναοῦ

261 3364 359 3414 Athen.
376 3363 439 3427 ΧΠ,
458 3376 484 3426 p.
502 3363 555 3416 585
571 3363 602 3414 G.
695 3360 749 3428 44)
767 3367 852 3420 Ehert
868 3369 968 3431 lterum
988 3368 1192 3430 tyrannicarum
1210 3371 1319 3434 scriptt.

259 3447 288 3502 lu
307 3448 372 3498 diss.
390 3448 485 3514 sicar,
503 3449 548 3500 ubi
566 3451 600 3502 de
618 3449 729 3512 seriptis
747 3448 807 3516 ejus
826 3439 852 3516 p.
871 3449 998 3506 tte-or.
1017 3453 1091 3506 Libri
1108 3460 1199 3508 tamen
1217 3457 1251 3508 de
1270 3461 1319 3521 ty·

260 3531 353 3582 rannis
371 3533 497 3594 repressis
515 3534 634 3598 vestigia
651 3537 759 3588 nonnisi
777 3538 806 3590 tu
824 3539 927 3592 duobus
945 3539 1046 3590 Suldce
1064 3540 1135 3594 locls
1147 3540 1318 3612 Πυθαγόρας

259 3621 288 3666 et
301 3616 442 3678 ἐπελπίζων
455 3631 608 3682 agnoscere
626 3620 678 3672 riht
696 3621 773 3674 visus
792 3627 835 3676 est
847 3640 874 3687 p.
883 3621 927 3680 96.
937 3623 981 3676 97.
1045 3622 1097 3690 45)
1116 3622 1211 3678 Βάτων
1223 3631 1250 3680 ὲν
1261 3635 1319 3688 τοῖς

258 3702 319 3771 περὶ
337 3698 386 3752 τῶν
405 3705 430 3754 lv
445 3697 541 3770 Ἐφέσῳ
561 3703 694 3774 τυράννων
711 3711 808 3760 Athen.
825 3710 887 3775 Vll,
905 3708 959 3764 289
972 3709 1003 3762 0.
1015 3732 1052 3746 ·-
1064 3712 1138 3767 Suld.
1156 3715 1176 3764 l.
1194 3715 1213 3764 l.
1268 3711 1316 3778 tt)

259 3786 305 3838 {io
327 3788 409 3838 Voss.
433 3789 451 3837 l.
475 3789 494 3838 1.
536 3791 686 3854 Josephunr
711 3798 809 3846 contra
835 3795 933 3858 Apion.
959 3798 970 3846 1
996 3799 1126 3866 laudans,
1154 3800 1315 3852 restruitur.

257 3874 338 3934 Apol.
360 3871 399 3925 19.
418 3897 454 3910 -
472 3876 611 3939 rheaphh.
630 3879 756 3934 antioch.
776 3882 808 3934 de
826 3881 956 3944 autolye.
976 3883 1023 3934 111.
1095 3879 1147 3950 47)
1167 3887 1242 3936 scol.
1257 3889 1315 3948 Ap-

259 3959 338 4017 peno.
357 3960 391 4008 ad
401 3961 489 4010 Eum.
508 3961 618 4026 rempp.
628 3986 662 3998 -
674 3967 787 4028 Joseph.
800 3969 875 4020 Autt.
887 3969 949 4020 Jnd.
962 3971 1038 4037 vlu,
1048 3969 1083 4023 13
1101 3973 1172 4035 apud
1190 3973 1314 4026 eunden.

257 4035 564 4114 48¹)1aio.p.168‚o.
644 4045 697 4113 49)
717 4049 825 4102 ctesias
849 4053 910 4122 περὶ
927 4055 1064 4124 ποταμῶν.
1153 4053 1205 4122 50)
1224 4059 1313 4112 strab.

257 4140 283 4188 p.
303 4124 363 4179 162.
400 4129 456 4180 Kal
475 4125 638 4203 συνέγραψεν
657 4139 777 4206 ἱστορίαν
794 4132 829 4204 (ὁ
846 4129 1048 4211 Ἀλέξανδρος).
1118 4177 1122 4184 -
