2910 4726
1113 328 1183 404 187

135 537 292 604 quemque
319 525 452 580 sumam
480 515 611 602 publico
639 515 759 602 judicio
789 519 983 602 exposuisse.
1044 518 1186 582 Fucmnt

134 631 239 686 autem
262 619 399 684 artifices
422 622 462 698 hi,
485 619 739 706 Polycletus,
769 624 859 706 cujus
888 629 1020 684 statuam
1051 643 1088 685 ex
1111 641 1185 684 aere

131 724 262 803 famam,
293 727 410 809 quippe
439 745 530 808 quam
559 723 730 788 secundam
758 745 776 786 a
799 743 855 787 sua
877 727 1010 808 quisque
1032 723 1185 788 artificum

130 826 334 912 judicassent,
356 836 511 910 tamquam
526 827 778 912 probatissimam
794 826 868 912 eligi
883 826 1003 912 placuit
1018 829 1075 908 ²⁵),
1096 828 1187 892 Plri-

131 929 298 1010 dias²⁶),
322 928 610 1009 Ctesilaus²⁷),
641 929 864 1014 Cydon²⁸),
888 930 1185 1008 Phradruorr²⁹).

131 1035 316 1098 Posteriora
337 1042 442 1100 aetate
465 1043 498 1096 et
520 1032 751 1098 Praxiteles
775 1042 873 1096 artem
896 1053 982 1096 suam
999 1034 1120 1118 Ephesi
1137 1055 1188 1097 cx-

132 1139 241 1213 ercnit,
263 1139 317 1220 qui
339 1157 424 1200 aram
447 1137 570 1201 Dianae
586 1137 744 1221 Ephesiae
765 1135 897 1220 sculptis
920 1135 1072 1220 operibus
1095 1157 1188 1200 orna-

130 1243 178 1306 vit
192 1241 242 1318 ³⁰)
266 1249 298 1304 ct
319 1239 486 1325 Scopas,
508 1242 571 1324 qui,
593 1249 629 1303 ut
650 1241 685 1303 in
706 1238 827 1324 templo
850 1237 1058 1304 restaurando
1082 1249 1115 1302 et
1137 1261 1187 1304 or·

131 1342 241 1408 nando
266 1352 439 1428 occupatus
469 1352 537 1406 erat
558 1341 619 1421 (cl.
641 1341 670 1426 §.
695 1343 879 1424 1,ιι.33),
911 1345 957 1407 sic
979 1363 1106 1427 quoquc
1129 1343 1188 1404 La·

131 1459 229 1512 tonae
253 1456 285 1510 ot
300 1447 467 1532 Ortygiae,
488 1446 624 1510 Dianam
648 1455 681 1510 et
695 1443 877 1530 Apollinem
900 1449 934 1510 in
956 1445 1040 1510 ulnis
1062 1455 1188 1530 gostan-

130 1554 171 1616 tis
194 1559 313 1615 statuas
337 1549 449 1614 iecisse
471 1547 606 1626 videtur,
629 1550 756 1632 quaein
778 1548 1010 1614 recentioribus
1027 1548 1188 1634 Ortygiae

133 1653 260 1741 templis
282 1651 630 1738 conspiciebantur³¹).

221 1757 316 1824 Circa
339 1754 472 1820 eandem
495 1750 571 1831 iere,
593 1775 654 1840 qua
677 1755 849 1840 Lysippi
871 1751 1052 1820 Alexander
1073 1756 1107 1818 iu
1131 1755 1188 1816 Ar·
1229 1748 1233 1752 ’

131 1863 256 1926 tamisio
271 1861 412 1946 positum
429 1869 477 1922 est
491 1859 543 1938 ³²),
558 1867 693 1924 aetatem
710 1859 865 1936 Thrason,
880 1879 972 1942 quem
988 1858 1189 1922 Hecatesium

130 1965 246 2030 fecisse
260 1985 356 2049 supra
379 1961 511 2026 diximus
533 1961 580 2047 (§.
598 1965 627 2040 l,
648 1984 681 2026 ιι.
697 1964 739 2028 42
753 1985 777 2026 s.
785 1968 807 2043 ),
822 1971 940 2026 statuas
964 1981 1091 2046 quoque
1113 1960 1190 2026 fecit

130 2067 319 2154 Penelopen
332 2074 364 2129 et
376 2064 626 2150 Eurycleam³³).
649 2067 864 2131 Menestratus
876 2063 1047 2130 Herculem
1059 2064 1135 2127 lecit
1145 2065 1189 2143 84)

132 2183 166 2256 pt
181 2173 322 2238 Hecaten
344 2170 378 2236 in
393 2169 563 2232 Hecatesio
580 2169 640 2250 85).
685 2167 773 2232 Idem
789 2169 925 2233 fortasse
941 2177 997 2244 est,
1020 2169 1109 2251 cujus
1132 2187 1189 2230 no-

203 2343 257 2415 25)
275 2350 344 2400 Plio.
361 2350 410 2400 11.
429 2375 463 2386 -
482 2349 556 2416 vill,
577 2344 619 2398 19.
636 2371 673 2384 -
690 2350 761 2398 Mira.
779 2347 828 2398 Pio
848 2343 932 2396 clem.
951 2347 987 2412 ll,
1005 2343 1050 2406 38.
1135 2339 1188 2408 26)

131 2437 227 2486 Muell.
244 2437 324 2488 Arcti.
342 2435 559 2485 l.l.-Denkm.
579 2437 604 2484 d.
623 2436 672 2485 alt.
689 2435 780 2484 Kunst
796 2435 818 2500 Ι,
837 2431 882 2499 31,
902 2427 963 2481 138.
1025 2423 1079 2496 27)
1096 2431 1189 2496 „Ter-

133 2521 174 2572 tia
192 2514 331 2573 Ctesilai“
353 2523 448 2572 Mucii.
465 2521 514 2570 1.1.
533 2522 560 2587 1,
583 2517 635 2586 31,
659 2518 718 2570 137.
806 2514 862 2580 28)
886 2519 1017 2583 „Quarta
1040 2507 1189 2579 Cydonis“

132 2609 231 2670 Meyer
247 2587 329 2674 lisp.
348 2606 392 2673 79,
411 2621 438 2657 n.
455 2605 499 2658 99.
571 2603 623 2670 29)
641 2605 771 2673 „Quinta
793 2596 997 2670 Phradmonis“
1018 2604 1053 2654 ci.
1072 2603 1190 2654 Paucas.

132 2694 184 2759 Vl,
203 2691 229 2760 8,
247 2691 271 2742 1.
335 2691 389 2759 30)
407 2695 497 2746 Strab.
515 2707 541 2756 p.
560 2690 611 2744 641
630 2691 677 2743 τὸν
696 2692 723 2742 δὲ
741 2688 828 2760 βωμὸν
847 2692 914 2741 εἶναι
932 2687 984 2740 τῶν
1001 2689 1190 2758 Πραξιτελίους

132 2767 211 2846 ἔργων
235 2774 342 2830 ἅπαντα
360 2775 453 2844 σχεδόν
476 2799 503 2830 τι
526 2776 617 2847 πλήρη.
726 2771 781 2841 31)
804 2778 893 2828 Sitai).
917 2791 943 2839 p.
962 2772 1015 2826 640
1037 2779 1063 2826 ἓν
1087 2777 1114 2827 δὲ
1132 2780 1190 2832 τοῖς

131 2861 242 2932 ὕστερον
255 2863 345 2914 σκολιὰ
363 2868 433 2935 1’ργα’
452 2862 468 2932 ἡ
486 2868 532 2932 μὲν
544 2863 624 2930 Λητώ
643 2860 754 2932 σκῇτρον
772 2866 877 2930 ἔχουσα,
897 2860 914 2930 ἡ
933 2864 960 2914 δὲ
970 2857 1100 2930 Ὀρτυγία
1119 2879 1190 2930 παρ·

131 2954 239 3013 ἔστηκεν
256 2949 363 3017 ἑκατέρᾳ
380 2952 414 3018 τῇ
430 2953 498 3018 χειρὶ
516 2951 622 3001 παιδίον
640 2953 747 3014 ἔχουσα,
766 2951 812 3000 ubi
830 2943 950 3000 Σκόπα
971 2962 1020 3011 pro
1039 2946 1191 3012 ouolrdkle·

131 3035 250 3096 gelidum
274 3045 337 3082 esse
360 3030 409 3096 (ιιι
431 3040 474 3084 est
496 3048 538 3094 ap.
561 3033 687 3082 strabon.
711 3037 795 3095 xiil,
820 3047 883 3095 pag.
907 3031 960 3084 604
978 3031 1074 3082 Σκόπα
1102 3026 1189 3099 ἔργα),

132 3117 214 3184 cnjus
233 3119 318 3170 multa
334 3117 362 3170 iu
380 3119 457 3168 Ionia
475 3129 559 3178 opera
577 3120 760 3168 aremorantur
778 3113 912 3178 (Pansam
930 3119 1010 3180 Vnt,
1029 3113 1101 3181 48),
1121 3129 1190 3164 non-

133 3207 202 3257 nulli
216 3202 275 3270 jam
294 3203 549 3254 animadverterunt.
585 3204 670 3262 Quam
689 3201 913 3265 emendationem,
924 3201 992 3250 licut
1003 3204 1099 3250 contra
1113 3200 1190 3250 dixe-

133 3293 191 3344 rint
212 3293 291 3354 llgen
322 3303 384 3352 opp.
408 3290 482 3351 phili.
507 3289 530 3338 1.
552 3301 615 3351 pag.
638 3287 689 3338 317
718 3291 746 3338 et
772 3288 874 3338 Jacobs
895 3287 1037 3337 Amalthea
1058 3287 1098 3351 11,
1128 3298 1190 3348 pag.
1281 3310 1283 3314 ·

133 3377 187 3428 ‘237
206 3393 244 3428 ss.
263 3372 478 3442 (cf.'l'om.111,
497 3376 582 3438 praet.
601 3389 626 3436 p.
645 3368 688 3439 X)
706 3373 873 3424 retinendam
892 3385 1008 3437 censeo,
1032 3371 1095 3434 quta
1120 3375 1192 3422 tem·
1293 3424 1300 3437 ,

135 3477 203 3527 pora
221 3467 325 3514 tanturn
343 3463 455 3524 opponit
472 3465 584 3514 sueto:
603 3463 631 3512 in
650 3459 798 3523 antiquis
821 3459 928 3522 templis
946 3457 1087 3521 antiqua
1105 3457 1193 3508 simu-

134 3552 213 3600 lacra
229 3548 433 3614 fuisredicens,
451 3548 480 3598 in
497 3547 755 3599 recentioribus
772 3546 990 3613 recentiora,
1008 3549 1129 3608 ascopa
1146 3546 1192 3596 ia-

136 3639 196 3699 eta3
219 3639 248 3686 et
271 3638 430 3700 praeterea,
456 3636 536 3699 quod,
563 3634 684 3698 quamvis
706 3632 805 3696 ligenii
828 3635 861 3682 de
884 3646 967 3684 sensu
989 3631 1067 3690 vocis
1089 3629 1192 3688 σκολιός

136 3721 299 3772 sententiam
317 3733 485 3784 nequaquam
505 3721 664 3784 impugnare
686 3718 767 3768 velim
774 3752 783 3783 ,
808 3720 861 3768 tam
884 3720 955 3768 nude
978 3723 1082 3783 tamen,
1103 3729 1192 3780 neque

135 3808 193 3858 ulia
211 3819 280 3856 voce
299 3803 408 3872 adjecta
427 3820 486 3858 earu
505 3806 640 3871 usirrpari,
659 3806 734 3854 nullo
753 3805 833 3854 modo
851 3805 951 3864 placet.
1022 3798 1075 3866 32)
1094 3807 1194 3865 Meyer

136 3895 158 3959 l,
178 3907 204 3956 p.
222 3889 284 3944 208.
355 3889 411 3957 33)
427 3888 507 3960 Ἡμῖν
525 3892 553 3942 δὲ
571 3892 700 3942 ἐδείκνυτο
724 3887 838 3940 καὶτῶν
859 3887 995 3958 Θρασῶνὸς
1013 3909 1071 3940 τινα
1090 3921 1115 3938 ..
1133 3887 1193 3954 Πρ-

137 3975 257 4032 ιελόπεια
276 3981 321 4029 καὶ
336 3976 353 4045 ἡ
373 3979 513 4048 πρεσβῦτις
531 3971 550 4042 η’
568 3969 712 4043 Εὐρύκλεια
730 3977 820 4025 Strab.
838 3977 913 4040 XIV,
932 3990 958 4037 p.
976 3972 1039 4024 641.
1138 3970 1193 4036 34)

138 4064 207 4114 Ptin.
225 4065 352 4131 XXXVI,
371 4063 398 4131 5,
417 4062 443 4113 4.
526 4057 580 4126 35)
598 4061 667 4112 Piis.
685 4062 714 4110 ll.
733 4061 859 4126 XXXVI,
879 4060 906 4127 4,
928 4058 967 4114 10.
1005 4061 1049 4112 ci.
1066 4073 1150 4124 snpra
1167 4055 1192 4124 §.

139 4147 164 4216 1,
183 4162 211 4200 ιι.
229 4147 273 4200 46.
