<?xml version="1.0" encoding="UTF-8"?>
<!DOCTYPE html PUBLIC "-//W3C//DTD XHTML 1.0 Transitional//EN"
    "http://www.w3.org/TR/xhtml1/DTD/xhtml1-transitional.dtd">
<html xmlns="http://www.w3.org/1999/xhtml" xml:lang="en" lang="en">
 <head>
  <title>
</title>
<meta http-equiv="Content-Type" content="text/html;charset=utf-8" />
  <meta name='ocr-system' content='tesseract 3.04.00' />
  <meta name='ocr-capabilities' content='ocr_page ocr_carea ocr_par ocr_line ocrx_word'/>
</head>
<body>
  <div class='ocr_page' id='page_1' title='image "./ephesiaca00guhlgoog_0140.png"; bbox 0 0 2916 4722; ppageno 0'>
   <div class='ocr_carea' id='block_1_1' title="bbox 1140 269 1210 340">
    <p class='ocr_par' dir='ltr' id='par_1_1' title="bbox 1140 269 1210 340">
     <span class='ocr_line' id='line_1_1' title="bbox 1140 269 1210 340; baseline 0 0"><span class='ocrx_word' id='word_1_1' title='bbox 1140 269 1210 340; x_wconf 86' lang='grc'>119</span> 
     </span>
    </p>
   </div>
   <div class='ocr_carea' id='block_1_2' title="bbox 183 549 1175 724">
    <p class='ocr_par' dir='ltr' id='par_1_2' title="bbox 183 549 1175 724">
     <span class='ocr_line' id='line_1_2' title="bbox 183 549 1175 640; baseline 0.011 -26"><span class='ocrx_word' id='word_1_2' title='bbox 183 549 252 614; x_wconf 88' lang='lat' dir='ltr'>DE</span> <span class='ocrx_word' id='word_1_3' title='bbox 282 549 534 637; x_wconf 81' lang='lat' dir='ltr'>RELlQUlS</span> <span class='ocrx_word' id='word_1_4' title='bbox 564 552 669 618; x_wconf 86' lang='lat' dir='ltr'>DllS</span> <span class='ocrx_word' id='word_1_5' title='bbox 697 551 876 640; x_wconf 83' lang='lat' dir='ltr'>ATQUE</span> <span class='ocrx_word' id='word_1_6' title='bbox 905 556 1175 624; x_wconf 86' lang='lat' dir='ltr'>HEROlBUS</span> 
     </span>
     <span class='ocr_line' id='line_1_3' title="bbox 558 656 802 724; baseline 0.008 -5"><span class='ocrx_word' id='word_1_7' title='bbox 558 656 802 724; x_wconf 89' lang='lat' dir='ltr'>EPHESllS.</span> 
     </span>
    </p>
   </div>
   <div class='ocr_carea' id='block_1_3' title="bbox 619 832 744 917">
    <p class='ocr_par' dir='ltr' id='par_1_3' title="bbox 619 832 744 917">
     <span class='ocr_line' id='line_1_4' title="bbox 619 832 744 917; baseline -0.016 -20"><span class='ocrx_word' id='word_1_8' title='bbox 619 832 645 917; x_wconf 66' lang='lat' dir='ltr'>s.</span> <span class='ocrx_word' id='word_1_9' title='bbox 694 834 744 896; x_wconf 81' lang='lat' dir='ltr'>ra.</span> 
     </span>
    </p>
   </div>
   <div class='ocr_carea' id='block_1_4' title="bbox 149 969 1209 2716">
    <p class='ocr_par' dir='ltr' id='par_1_4' title="bbox 149 969 1209 2716">
     <span class='ocr_line' id='line_1_5' title="bbox 243 969 1208 1062; baseline 0.006 -28"><span class='ocrx_word' id='word_1_10' title='bbox 243 969 422 1050; x_wconf 78' lang='lat' dir='ltr'><strong>Absolutis,</strong></span> <span class='ocrx_word' id='word_1_11' title='bbox 451 993 532 1057; x_wconf 88' lang='lat' dir='ltr'>quae</span> <span class='ocrx_word' id='word_1_12' title='bbox 556 982 588 1036; x_wconf 89' lang='lat' dir='ltr'>et</span> <span class='ocrx_word' id='word_1_13' title='bbox 611 971 652 1062; x_wconf 72' lang='lat' dir='ltr'>da</span> <span class='ocrx_word' id='word_1_14' title='bbox 681 976 805 1037; x_wconf 90' lang='lat' dir='ltr'>interna</span> <span class='ocrx_word' id='word_1_15' title='bbox 827 973 951 1039; x_wconf 88' lang='lat' dir='ltr'>Dianae</span> <span class='ocrx_word' id='word_1_16' title='bbox 975 973 1131 1059; x_wconf 82' lang='lat' dir='ltr'>Ephesiae</span> <span class='ocrx_word' id='word_1_17' title='bbox 1154 994 1208 1040; x_wconf 91' lang='lat' dir='ltr'>na-</span> 
     </span>
     <span class='ocr_line' id='line_1_6' title="bbox 150 1075 1207 1162; baseline 0.002 -24"><span class='ocrx_word' id='word_1_18' title='bbox 150 1085 222 1138; x_wconf 89' lang='lat' dir='ltr'>tura</span> <span class='ocrx_word' id='word_1_19' title='bbox 246 1083 341 1159; x_wconf 91' lang='lat' dir='ltr'>atque</span> <span class='ocrx_word' id='word_1_20' title='bbox 363 1077 497 1140; x_wconf 91' lang='lat' dir='ltr'>notione</span> <span class='ocrx_word' id='word_1_21' title='bbox 527 1087 559 1140; x_wconf 90' lang='lat' dir='ltr'>et</span> <span class='ocrx_word' id='word_1_22' title='bbox 582 1075 622 1140; x_wconf 92' lang='lat' dir='ltr'>de</span> <span class='ocrx_word' id='word_1_23' title='bbox 646 1077 780 1142; x_wconf 84' lang='lat' dir='ltr'>externis</span> <span class='ocrx_word' id='word_1_24' title='bbox 806 1079 874 1162; x_wconf 88' lang='lat' dir='ltr'>ejus</span> <span class='ocrx_word' id='word_1_25' title='bbox 898 1076 1001 1142; x_wconf 90' lang='lat' dir='ltr'>cultus</span> <span class='ocrx_word' id='word_1_26' title='bbox 1030 1076 1207 1142; x_wconf 90' lang='lat' dir='ltr'>rationibus</span> 
     </span>
     <span class='ocr_line' id='line_1_7' title="bbox 151 1175 1207 1264; baseline 0.004 -24"><span class='ocrx_word' id='word_1_27' title='bbox 151 1175 290 1240; x_wconf 89' lang='lat' dir='ltr'>dicenda</span> <span class='ocrx_word' id='word_1_28' title='bbox 313 1188 410 1255; x_wconf 88' lang='lat' dir='ltr'>erant,</span> <span class='ocrx_word' id='word_1_29' title='bbox 432 1181 494 1263; x_wconf 87' lang='lat' dir='ltr'>jam</span> <span class='ocrx_word' id='word_1_30' title='bbox 518 1182 727 1244; x_wconf 89' lang='lat' dir='ltr'>necessarium</span> <span class='ocrx_word' id='word_1_31' title='bbox 744 1179 877 1259; x_wconf 89' lang='lat' dir='ltr'>videtur,</span> <span class='ocrx_word' id='word_1_32' title='bbox 899 1189 935 1246; x_wconf 91' lang='lat' dir='ltr'>ut</span> <span class='ocrx_word' id='word_1_33' title='bbox 957 1178 997 1244; x_wconf 92' lang='lat' dir='ltr'>de</span> <span class='ocrx_word' id='word_1_34' title='bbox 1019 1181 1057 1242; x_wconf 91' lang='lat' dir='ltr'>iis</span> <span class='ocrx_word' id='word_1_35' title='bbox 1078 1200 1207 1264; x_wconf 88' lang='lat' dir='ltr'>quoque</span> 
     </span>
     <span class='ocr_line' id='line_1_8' title="bbox 149 1279 1207 1370; baseline 0 -26"><span class='ocrx_word' id='word_1_36' title='bbox 149 1279 334 1345; x_wconf 84' lang='lat' dir='ltr'><strong>numinibus</strong></span> <span class='ocrx_word' id='word_1_37' title='bbox 349 1279 460 1368; x_wconf 91' lang='lat' dir='ltr'>paullo</span> <span class='ocrx_word' id='word_1_38' title='bbox 477 1280 611 1368; x_wconf 89' lang='lat' dir='ltr'>amplius</span> <span class='ocrx_word' id='word_1_39' title='bbox 627 1282 824 1362; x_wconf 85' lang='lat' dir='ltr'>disseramus,</span> <span class='ocrx_word' id='word_1_40' title='bbox 836 1305 917 1370; x_wconf 91' lang='lat' dir='ltr'>quae</span> <span class='ocrx_word' id='word_1_41' title='bbox 932 1303 995 1348; x_wconf 92' lang='lat' dir='ltr'>uua</span> <span class='ocrx_word' id='word_1_42' title='bbox 1012 1303 1082 1370; x_wconf 85' lang='lat' dir='ltr'>cum</span> <span class='ocrx_word' id='word_1_43' title='bbox 1093 1282 1207 1360; x_wconf 88' lang='lat' dir='ltr'>Diana,</span> 
     </span>
     <span class='ocr_line' id='line_1_9' title="bbox 150 1386 1208 1472; baseline 0.001 -24"><span class='ocrx_word' id='word_1_44' title='bbox 150 1407 333 1461; x_wconf 77' lang='lat' dir='ltr'>summaac</span> <span class='ocrx_word' id='word_1_45' title='bbox 353 1388 500 1472; x_wconf 90' lang='lat' dir='ltr'>primaria</span> <span class='ocrx_word' id='word_1_46' title='bbox 528 1386 620 1472; x_wconf 90' lang='lat' dir='ltr'>hujus</span> <span class='ocrx_word' id='word_1_47' title='bbox 647 1389 779 1452; x_wconf 90' lang='lat' dir='ltr'>civitatis</span> <span class='ocrx_word' id='word_1_48' title='bbox 803 1389 891 1469; x_wconf 85' lang='lat' dir='ltr'>Dea,</span> <span class='ocrx_word' id='word_1_49' title='bbox 920 1387 961 1452; x_wconf 92' lang='lat' dir='ltr'>ab</span> <span class='ocrx_word' id='word_1_50' title='bbox 985 1386 1134 1472; x_wconf 90' lang='lat' dir='ltr'>Ephesiis.</span> <span class='ocrx_word' id='word_1_51' title='bbox 1155 1406 1208 1449; x_wconf 91' lang='lat' dir='ltr'>co·</span> 
     </span>
     <span class='ocr_line' id='line_1_10' title="bbox 149 1487 1207 1577; baseline -0.001 -25"><span class='ocrx_word' id='word_1_52' title='bbox 149 1487 309 1553; x_wconf 88' lang='lat' dir='ltr'>labantur.</span> <span class='ocrx_word' id='word_1_53' title='bbox 355 1491 427 1553; x_wconf 90' lang='lat' dir='ltr'>Hoc</span> <span class='ocrx_word' id='word_1_54' title='bbox 443 1491 525 1553; x_wconf 91' lang='lat' dir='ltr'>enim</span> <span class='ocrx_word' id='word_1_55' title='bbox 542 1499 574 1554; x_wconf 91' lang='lat' dir='ltr'>et</span> <span class='ocrx_word' id='word_1_56' title='bbox 588 1493 690 1576; x_wconf 91' lang='lat' dir='ltr'>ipsum</span> <span class='ocrx_word' id='word_1_57' title='bbox 705 1489 786 1556; x_wconf 95' lang='lat' dir='ltr'>illud</span> <span class='ocrx_word' id='word_1_58' title='bbox 802 1489 969 1556; x_wconf 89' lang='lat' dir='ltr'>consilium</span> <span class='ocrx_word' id='word_1_59' title='bbox 993 1491 1096 1577; x_wconf 73' lang='lat' dir='ltr'>exigit,</span> <span class='ocrx_word' id='word_1_60' title='bbox 1119 1487 1207 1574; x_wconf 92' lang='lat' dir='ltr'>quod</span> 
     </span>
     <span class='ocr_line' id='line_1_11' title="bbox 150 1589 1209 1685; baseline -0.001 -29"><span class='ocrx_word' id='word_1_61' title='bbox 150 1594 300 1657; x_wconf 91' lang='lat' dir='ltr'>ineuntes</span> <span class='ocrx_word' id='word_1_62' title='bbox 323 1589 364 1658; x_wconf 91' lang='lat' dir='ltr'>de</span> <span class='ocrx_word' id='word_1_63' title='bbox 386 1593 607 1685; x_wconf 24' lang='lat' dir='ltr'>rebustsacris</span> <span class='ocrx_word' id='word_1_64' title='bbox 631 1595 842 1681; x_wconf 86' lang='lat' dir='ltr'>Ephesiorum</span> <span class='ocrx_word' id='word_1_65' title='bbox 873 1594 986 1659; x_wconf 90' lang='lat' dir='ltr'>dicturi</span> <span class='ocrx_word' id='word_1_66' title='bbox 1016 1613 1152 1671; x_wconf 91' lang='lat' dir='ltr'>eramus,</span> <span class='ocrx_word' id='word_1_67' title='bbox 1176 1601 1209 1656; x_wconf 90' lang='lat' dir='ltr'>et</span> 
     </span>
     <span class='ocr_line' id='line_1_12' title="bbox 149 1695 1206 1784; baseline -0.003 -24"><span class='ocrx_word' id='word_1_68' title='bbox 149 1706 315 1782; x_wconf 86' lang='lat' dir='ltr'>praeterea</span> <span class='ocrx_word' id='word_1_69' title='bbox 339 1695 399 1760; x_wconf 90' lang='lat' dir='ltr'>alia</span> <span class='ocrx_word' id='word_1_70' title='bbox 423 1695 577 1782; x_wconf 84' lang='lat' dir='ltr'>quaedam</span> <span class='ocrx_word' id='word_1_71' title='bbox 599 1701 681 1762; x_wconf 91' lang='lat' dir='ltr'>ratio</span> <span class='ocrx_word' id='word_1_72' title='bbox 705 1698 860 1784; x_wconf 88' lang='lat' dir='ltr'>postulat:</span> <span class='ocrx_word' id='word_1_73' title='bbox 890 1707 926 1763; x_wconf 91' lang='lat' dir='ltr'>ut</span> <span class='ocrx_word' id='word_1_74' title='bbox 955 1717 992 1762; x_wconf 81' lang='lat' dir='ltr'>ex</span> <span class='ocrx_word' id='word_1_75' title='bbox 1015 1696 1206 1781; x_wconf 88' lang='lat' dir='ltr'>comparatis</span> 
     </span>
     <span class='ocr_line' id='line_1_13' title="bbox 150 1797 1206 1886; baseline -0.001 -24"><span class='ocrx_word' id='word_1_76' title='bbox 150 1801 220 1864; x_wconf 92' lang='lat' dir='ltr'>istis</span> <span class='ocrx_word' id='word_1_77' title='bbox 237 1799 428 1879; x_wconf 82' lang='lat' dir='ltr'>numinibus,</span> <span class='ocrx_word' id='word_1_78' title='bbox 452 1822 532 1885; x_wconf 90' lang='lat' dir='ltr'>quae</span> <span class='ocrx_word' id='word_1_79' title='bbox 554 1823 640 1866; x_wconf 90' lang='lat' dir='ltr'>mere</span> <span class='ocrx_word' id='word_1_80' title='bbox 658 1801 783 1868; x_wconf 88' lang='lat' dir='ltr'>Graeca</span> <span class='ocrx_word' id='word_1_81' title='bbox 805 1801 904 1866; x_wconf 88' lang='lat' dir='ltr'>fuisse</span> <span class='ocrx_word' id='word_1_82' title='bbox 927 1802 1009 1866; x_wconf 85' lang='lat' dir='ltr'>inira</span> <span class='ocrx_word' id='word_1_83' title='bbox 1032 1797 1206 1886; x_wconf 81' lang='lat' dir='ltr'>apparebit,</span> 
     </span>
     <span class='ocr_line' id='line_1_14' title="bbox 151 1902 1209 1991; baseline -0.006 -23"><span class='ocrx_word' id='word_1_84' title='bbox 151 1911 282 1968; x_wconf 90' lang='lat' dir='ltr'>nostrae</span> <span class='ocrx_word' id='word_1_85' title='bbox 304 1906 483 1968; x_wconf 89' lang='lat' dir='ltr'>sententiae</span> <span class='ocrx_word' id='word_1_86' title='bbox 499 1902 714 1989; x_wconf 88' lang='lat' dir='ltr'>adjumentum</span> <span class='ocrx_word' id='word_1_87' title='bbox 736 1903 895 1991; x_wconf 88' lang='lat' dir='ltr'>quoddam</span> <span class='ocrx_word' id='word_1_88' title='bbox 918 1904 1078 1981; x_wconf 83' lang='lat' dir='ltr'>afferatur,</span> <span class='ocrx_word' id='word_1_89' title='bbox 1100 1909 1209 1986; x_wconf 88' lang='lat' dir='ltr'>quaet</span> 
     </span>
     <span class='ocr_line' id='line_1_15' title="bbox 149 2005 1207 2093; baseline -0.006 -21"><span class='ocrx_word' id='word_1_90' title='bbox 149 2011 252 2093; x_wconf 87' lang='lat' dir='ltr'>ipsam</span> <span class='ocrx_word' id='word_1_91' title='bbox 275 2007 411 2070; x_wconf 90' lang='lat' dir='ltr'>Dianam</span> <span class='ocrx_word' id='word_1_92' title='bbox 433 2007 536 2072; x_wconf 86' lang='lat' dir='ltr'>Deam</span> <span class='ocrx_word' id='word_1_93' title='bbox 557 2029 643 2074; x_wconf 88' lang='lat' dir='ltr'>mere</span> <span class='ocrx_word' id='word_1_94' title='bbox 664 2008 821 2074; x_wconf 84' lang='lat' dir='ltr'>Graecam</span> <span class='ocrx_word' id='word_1_95' title='bbox 843 2028 948 2093; x_wconf 91' lang='lat' dir='ltr'>neque</span> <span class='ocrx_word' id='word_1_96' title='bbox 971 2028 1008 2070; x_wconf 86' lang='lat' dir='ltr'>ex</span> <span class='ocrx_word' id='word_1_97' title='bbox 1030 2005 1207 2092; x_wconf 80' lang='lat' dir='ltr'>peregrinis</span> 
     </span>
     <span class='ocr_line' id='line_1_16' title="bbox 149 2105 1208 2196; baseline -0.005 -22"><span class='ocrx_word' id='word_1_98' title='bbox 149 2112 243 2174; x_wconf 90' lang='lat' dir='ltr'>terris</span> <span class='ocrx_word' id='word_1_99' title='bbox 266 2119 321 2174; x_wconf 87' lang='lat' dir='ltr'>aut</span> <span class='ocrx_word' id='word_1_100' title='bbox 343 2112 439 2174; x_wconf 90' lang='lat' dir='ltr'>sacris</span> <span class='ocrx_word' id='word_1_101' title='bbox 467 2111 626 2196; x_wconf 88' lang='lat' dir='ltr'>Ephesum</span> <span class='ocrx_word' id='word_1_102' title='bbox 650 2111 818 2177; x_wconf 85' lang='lat' dir='ltr'>deductam</span> <span class='ocrx_word' id='word_1_103' title='bbox 844 2111 940 2175; x_wconf 88' lang='lat' dir='ltr'>luisse</span> <span class='ocrx_word' id='word_1_104' title='bbox 966 2109 1129 2194; x_wconf 91' lang='lat' dir='ltr'>hucusque</span> <span class='ocrx_word' id='word_1_105' title='bbox 1154 2105 1208 2170; x_wconf 92' lang='lat' dir='ltr'>de-</span> 
     </span>
     <span class='ocr_line' id='line_1_17' title="bbox 150 2211 1206 2301; baseline -0.007 -23"><span class='ocrx_word' id='word_1_106' title='bbox 150 2215 405 2280; x_wconf 89' lang='lat' dir='ltr'>monstravimus.</span> <span class='ocrx_word' id='word_1_107' title='bbox 451 2213 523 2299; x_wconf 88' lang='lat' dir='ltr'>Qua</span> <span class='ocrx_word' id='word_1_108' title='bbox 546 2217 579 2279; x_wconf 92' lang='lat' dir='ltr'>in</span> <span class='ocrx_word' id='word_1_109' title='bbox 602 2237 637 2280; x_wconf 90' lang='lat' dir='ltr'>re</span> <span class='ocrx_word' id='word_1_110' title='bbox 653 2237 693 2280; x_wconf 91' lang='lat' dir='ltr'>eo</span> <span class='ocrx_word' id='word_1_111' title='bbox 708 2219 809 2301; x_wconf 89' lang='lat' dir='ltr'>majus</span> <span class='ocrx_word' id='word_1_112' title='bbox 824 2222 1016 2278; x_wconf 88' lang='lat' dir='ltr'>momentum</span> <span class='ocrx_word' id='word_1_113' title='bbox 1038 2211 1132 2276; x_wconf 89' lang='lat' dir='ltr'>nobis</span> <span class='ocrx_word' id='word_1_114' title='bbox 1147 2229 1206 2293; x_wconf 93' lang='lat' dir='ltr'>po-</span> 
     </span>
     <span class='ocr_line' id='line_1_18' title="bbox 150 2311 1207 2403; baseline -0.008 -21"><span class='ocrx_word' id='word_1_115' title='bbox 150 2316 292 2383; x_wconf 91' lang='lat' dir='ltr'>nendum</span> <span class='ocrx_word' id='word_1_116' title='bbox 316 2327 372 2396; x_wconf 88' lang='lat' dir='ltr'>est,</span> <span class='ocrx_word' id='word_1_117' title='bbox 394 2337 458 2403; x_wconf 91' lang='lat' dir='ltr'>quo</span> <span class='ocrx_word' id='word_1_118' title='bbox 480 2316 588 2403; x_wconf 89' lang='lat' dir='ltr'>plures</span> <span class='ocrx_word' id='word_1_119' title='bbox 611 2320 652 2382; x_wconf 92' lang='lat' dir='ltr'>V.</span> <span class='ocrx_word' id='word_1_120' title='bbox 676 2319 718 2384; x_wconf 90' lang='lat' dir='ltr'>D.</span> <span class='ocrx_word' id='word_1_121' title='bbox 741 2317 836 2382; x_wconf 90' lang='lat' dir='ltr'>talam</span> <span class='ocrx_word' id='word_1_122' title='bbox 862 2316 1049 2380; x_wconf 89' lang='lat' dir='ltr'>sententiam</span> <span class='ocrx_word' id='word_1_123' title='bbox 1072 2311 1207 2376; x_wconf 84' lang='lat' dir='ltr'>affirma·</span> 
     </span>
     <span class='ocr_line' id='line_1_19' title="bbox 151 2413 1207 2507; baseline -0.007 -21"><span class='ocrx_word' id='word_1_124' title='bbox 151 2430 228 2486; x_wconf 90' lang='lat' dir='ltr'>runt</span> <span class='ocrx_word' id='word_1_125' title='bbox 251 2420 311 2500; x_wconf 88' lang='lat' dir='ltr'>(cl.</span> <span class='ocrx_word' id='word_1_126' title='bbox 334 2420 362 2506; x_wconf 87' lang='lat'>§.</span> <span class='ocrx_word' id='word_1_127' title='bbox 385 2422 417 2498; x_wconf 81' lang='grc' dir='ltr'>Β,</span> <span class='ocrx_word' id='word_1_128' title='bbox 443 2442 474 2484; x_wconf 92' lang='lat' dir='ltr'>n.</span> <span class='ocrx_word' id='word_1_129' title='bbox 499 2423 528 2486; x_wconf 84' lang='lat'>7.</span> <span class='ocrx_word' id='word_1_130' title='bbox 554 2425 605 2487; x_wconf 92' lang='grc' dir='ltr'>ΙΙ.</span> <span class='ocrx_word' id='word_1_131' title='bbox 651 2421 678 2507; x_wconf 84' lang='lat'>§.</span> <span class='ocrx_word' id='word_1_132' title='bbox 705 2423 759 2500; x_wconf 88' lang='grc'>13,</span> <span class='ocrx_word' id='word_1_133' title='bbox 782 2442 813 2484; x_wconf 92' lang='lat' dir='ltr'>n.</span> <span class='ocrx_word' id='word_1_134' title='bbox 837 2421 893 2498; x_wconf 90' lang='lat' dir='ltr'>lV,</span> <span class='ocrx_word' id='word_1_135' title='bbox 919 2420 1030 2498; x_wconf 80' lang='lat' dir='ltr'>extu),</span> <span class='ocrx_word' id='word_1_136' title='bbox 1060 2425 1092 2480; x_wconf 92' lang='lat' dir='ltr'>et</span> <span class='ocrx_word' id='word_1_137' title='bbox 1120 2413 1207 2501; x_wconf 91' lang='lat' dir='ltr'>quod</span> 
     </span>
     <span class='ocr_line' id='line_1_20' title="bbox 149 2522 1207 2610; baseline -0.005 -20"><span class='ocrx_word' id='word_1_138' title='bbox 149 2527 239 2590; x_wconf 91' lang='lat' dir='ltr'>hisce</span> <span class='ocrx_word' id='word_1_139' title='bbox 262 2523 437 2589; x_wconf 79' lang='lat' dir='ltr'>refutandis</span> <span class='ocrx_word' id='word_1_140' title='bbox 460 2535 498 2588; x_wconf 78' lang='lat' dir='ltr'>ab</span> <span class='ocrx_word' id='word_1_141' title='bbox 519 2523 703 2591; x_wconf 84' lang='lat' dir='ltr'>refellendis</span> <span class='ocrx_word' id='word_1_142' title='bbox 731 2522 923 2610; x_wconf 87' lang='lat' dir='ltr'>peculiarem</span> <span class='ocrx_word' id='word_1_143' title='bbox 952 2543 1058 2588; x_wconf 90' lang='lat' dir='ltr'>curam</span> <span class='ocrx_word' id='word_1_144' title='bbox 1087 2525 1207 2607; x_wconf 90' lang='lat' dir='ltr'>impen-</span> 
     </span>
     <span class='ocr_line' id='line_1_21' title="bbox 152 2627 1163 2716; baseline -0.002 -22"><span class='ocrx_word' id='word_1_145' title='bbox 152 2629 231 2694; x_wconf 90' lang='lat' dir='ltr'>dere</span> <span class='ocrx_word' id='word_1_146' title='bbox 254 2638 365 2694; x_wconf 91' lang='lat' dir='ltr'>nostro</span> <span class='ocrx_word' id='word_1_147' title='bbox 390 2627 525 2694; x_wconf 90' lang='lat' dir='ltr'>consilio</span> <span class='ocrx_word' id='word_1_148' title='bbox 548 2629 643 2716; x_wconf 92' lang='lat' dir='ltr'>plane</span> <span class='ocrx_word' id='word_1_149' title='bbox 666 2627 803 2694; x_wconf 88' lang='lat' dir='ltr'>alienum</span> <span class='ocrx_word' id='word_1_150' title='bbox 826 2627 1005 2694; x_wconf 89' lang='lat' dir='ltr'>videbatur.</span> <span class='ocrx_word' id='word_1_151' title='bbox 1158 2636 1163 2644; x_wconf 88' lang='lat'>&#39;</span> 
     </span>
    </p>
   </div>
   <div class='ocr_carea' id='block_1_5' title="bbox 547 2866 815 2968">
    <p class='ocr_par' dir='ltr' id='par_1_5' title="bbox 547 2866 815 2968">
     <span class='ocr_line' id='line_1_22' title="bbox 547 2866 815 2968; baseline 0 -20"><span class='ocrx_word' id='word_1_152' title='bbox 547 2867 594 2968; x_wconf 56' lang='lat' dir='ltr'>l„</span> <span class='ocrx_word' id='word_1_153' title='bbox 624 2866 815 2952; x_wconf 73' lang='lat' dir='ltr'>hattus.</span> 
     </span>
    </p>
   </div>
   <div class='ocr_carea' id='block_1_6' title="bbox 152 3047 1208 3663">
    <p class='ocr_par' dir='ltr' id='par_1_6' title="bbox 152 3047 1208 3663">
     <span class='ocr_line' id='line_1_23' title="bbox 242 3047 1206 3138; baseline -0.01 -22"><span class='ocrx_word' id='word_1_154' title='bbox 242 3053 394 3118; x_wconf 85' lang='lat' dir='ltr'>Latona</span> <span class='ocrx_word' id='word_1_155' title='bbox 418 3062 546 3138; x_wconf 92' lang='lat' dir='ltr'>praeter</span> <span class='ocrx_word' id='word_1_156' title='bbox 567 3051 718 3136; x_wconf 86' lang='lat' dir='ltr'>templum</span> <span class='ocrx_word' id='word_1_157' title='bbox 745 3056 778 3115; x_wconf 93' lang='lat' dir='ltr'>iu</span> <span class='ocrx_word' id='word_1_158' title='bbox 800 3053 939 3137; x_wconf 81' lang='lat' dir='ltr'>Ortygia</span> <span class='ocrx_word' id='word_1_159' title='bbox 962 3050 1023 3128; x_wconf 88' lang='lat' dir='ltr'>(cl.</span> <span class='ocrx_word' id='word_1_160' title='bbox 1047 3071 1073 3111; x_wconf 93' lang='lat' dir='ltr'>c.</span> <span class='ocrx_word' id='word_1_161' title='bbox 1097 3047 1152 3122; x_wconf 86' lang='lat' dir='ltr'>IV,</span> <span class='ocrx_word' id='word_1_162' title='bbox 1175 3068 1206 3128; x_wconf 87' lang='lat' dir='ltr'>p.</span> 
     </span>
     <span class='ocr_line' id='line_1_24' title="bbox 152 3147 1208 3243; baseline -0.012 -21"><span class='ocrx_word' id='word_1_163' title='bbox 152 3159 191 3237; x_wconf 91' lang='lat' dir='ltr'>ll,</span> <span class='ocrx_word' id='word_1_164' title='bbox 214 3156 242 3243; x_wconf 83' lang='lat'>§.</span> <span class='ocrx_word' id='word_1_165' title='bbox 259 3159 300 3236; x_wconf 87' lang='grc'>3)</span> <span class='ocrx_word' id='word_1_166' title='bbox 324 3179 408 3220; x_wconf 90' lang='lat' dir='ltr'>aram</span> <span class='ocrx_word' id='word_1_167' title='bbox 430 3161 462 3220; x_wconf 91' lang='lat' dir='ltr'>iu</span> <span class='ocrx_word' id='word_1_168' title='bbox 479 3153 621 3220; x_wconf 88' lang='lat' dir='ltr'>Coresso</span> <span class='ocrx_word' id='word_1_169' title='bbox 645 3163 799 3218; x_wconf 88' lang='lat' dir='ltr'>sacratam</span> <span class='ocrx_word' id='word_1_170' title='bbox 816 3153 935 3228; x_wconf 91' lang='lat' dir='ltr'>habuit,</span> <span class='ocrx_word' id='word_1_171' title='bbox 958 3171 1021 3235; x_wconf 85' lang='lat' dir='ltr'>quo</span> <span class='ocrx_word' id='word_1_172' title='bbox 1040 3149 1116 3212; x_wconf 90' lang='lat' dir='ltr'>loco</span> <span class='ocrx_word' id='word_1_173' title='bbox 1132 3147 1208 3211; x_wconf 88' lang='lat' dir='ltr'>Dia-</span> 
     </span>
     <span class='ocr_line' id='line_1_25' title="bbox 153 3253 1206 3341; baseline -0.012 -15"><span class='ocrx_word' id='word_1_174' title='bbox 153 3278 227 3326; x_wconf 85' lang='lat' dir='ltr'>nam</span> <span class='ocrx_word' id='word_1_175' title='bbox 252 3263 341 3326; x_wconf 82' lang='lat' dir='ltr'>enixa</span> <span class='ocrx_word' id='word_1_176' title='bbox 365 3260 528 3325; x_wconf 86' lang='lat' dir='ltr'>dicebatur·</span> <span class='ocrx_word' id='word_1_177' title='bbox 544 3258 586 3338; x_wconf 86' lang='lat'>¹).</span> <span class='ocrx_word' id='word_1_178' title='bbox 632 3259 705 3322; x_wconf 89' lang='lat' dir='ltr'>Hoc</span> <span class='ocrx_word' id='word_1_179' title='bbox 728 3259 810 3320; x_wconf 93' lang='lat' dir='ltr'>euim</span> <span class='ocrx_word' id='word_1_180' title='bbox 834 3255 916 3341; x_wconf 88' lang='lat' dir='ltr'>apud</span> <span class='ocrx_word' id='word_1_181' title='bbox 939 3276 974 3318; x_wconf 89' lang='lat' dir='ltr'>se</span> <span class='ocrx_word' id='word_1_182' title='bbox 998 3253 1112 3316; x_wconf 86' lang='lat' dir='ltr'>iactum</span> <span class='ocrx_word' id='word_1_183' title='bbox 1136 3270 1206 3314; x_wconf 88' lang='lat' dir='ltr'>esse</span> 
     </span>
     <span class='ocr_line' id='line_1_26' title="bbox 154 3359 1207 3453; baseline -0.011 -23"><span class='ocrx_word' id='word_1_184' title='bbox 154 3367 286 3453; x_wconf 89' lang='lat' dir='ltr'>Ephesii</span> <span class='ocrx_word' id='word_1_185' title='bbox 308 3364 529 3453; x_wconf 85' lang='lat' dir='ltr'>gloriabantur</span> <span class='ocrx_word' id='word_1_186' title='bbox 556 3359 724 3448; x_wconf 91' lang='lat' dir='ltr'>multisque</span> <span class='ocrx_word' id='word_1_187' title='bbox 753 3361 945 3450; x_wconf 81' lang='lat' dir='ltr'>argumentis</span> <span class='ocrx_word' id='word_1_188' title='bbox 975 3359 1122 3421; x_wconf 87' lang='lat' dir='ltr'>evincere</span> <span class='ocrx_word' id='word_1_189' title='bbox 1144 3361 1207 3418; x_wconf 91' lang='lat' dir='ltr'>stu-</span> 
     </span>
     <span class='ocr_line' id='line_1_27' title="bbox 154 3461 1206 3554; baseline -0.015 -18"><span class='ocrx_word' id='word_1_190' title='bbox 154 3470 289 3548; x_wconf 87' lang='lat' dir='ltr'>debant,</span> <span class='ocrx_word' id='word_1_191' title='bbox 318 3491 399 3554; x_wconf 89' lang='lat' dir='ltr'>quae</span> <span class='ocrx_word' id='word_1_192' title='bbox 427 3467 480 3532; x_wconf 91' lang='lat' dir='ltr'>vel</span> <span class='ocrx_word' id='word_1_193' title='bbox 509 3465 625 3532; x_wconf 85' lang='lat' dir='ltr'>fabulis</span> <span class='ocrx_word' id='word_1_194' title='bbox 655 3466 838 3530; x_wconf 91' lang='lat' dir='ltr'>nitebantur</span> <span class='ocrx_word' id='word_1_195' title='bbox 853 3465 901 3546; x_wconf 76' lang='lat'>²),</span> <span class='ocrx_word' id='word_1_196' title='bbox 930 3461 983 3525; x_wconf 91' lang='lat' dir='ltr'>vel</span> <span class='ocrx_word' id='word_1_197' title='bbox 1013 3463 1106 3524; x_wconf 90' lang='lat' dir='ltr'>etiam</span> <span class='ocrx_word' id='word_1_198' title='bbox 1137 3479 1206 3530; x_wconf 85' lang='lat' dir='ltr'>cum</span> 
     </span>
     <span class='ocr_line' id='line_1_28' title="bbox 153 3569 1207 3663; baseline -0.014 -23"><span class='ocrx_word' id='word_1_199' title='bbox 153 3580 297 3663; x_wconf 90' lang='lat' dir='ltr'>ipsorum</span> <span class='ocrx_word' id='word_1_200' title='bbox 331 3573 476 3636; x_wconf 90' lang='lat' dir='ltr'>locorum</span> <span class='ocrx_word' id='word_1_201' title='bbox 515 3580 625 3640; x_wconf 93' lang='lat' dir='ltr'>uatura</span> <span class='ocrx_word' id='word_1_202' title='bbox 659 3569 873 3634; x_wconf 90' lang='lat' dir='ltr'>cohaerebant</span> <span class='ocrx_word' id='word_1_203' title='bbox 899 3569 949 3647; x_wconf 72' lang='grc'>3);</span> <span class='ocrx_word' id='word_1_204' title='bbox 987 3569 1030 3631; x_wconf 91' lang='lat' dir='ltr'>ita</span> <span class='ocrx_word' id='word_1_205' title='bbox 1067 3573 1102 3628; x_wconf 90' lang='lat' dir='ltr'>ut</span> <span class='ocrx_word' id='word_1_206' title='bbox 1140 3583 1207 3626; x_wconf 89' lang='lat' dir='ltr'>eam</span> 
     </span>
    </p>
   </div>
   <div class='ocr_carea' id='block_1_7' title="bbox 154 3737 1209 4079">
    <p class='ocr_par' dir='ltr' id='par_1_7' title="bbox 154 3737 1209 4079">
     <span class='ocr_line' id='line_1_29' title="bbox 229 3737 1207 3820; baseline -0.012 -18"><span class='ocrx_word' id='word_1_207' title='bbox 229 3751 260 3816; x_wconf 92' lang='lat' dir='ltr'>l)</span> <span class='ocrx_word' id='word_1_208' title='bbox 279 3753 372 3814; x_wconf 70' lang='lat' dir='ltr'>steph.</span> <span class='ocrx_word' id='word_1_209' title='bbox 390 3755 458 3815; x_wconf 73' lang='lat' dir='ltr'><strong>Byz.</strong></span> <span class='ocrx_word' id='word_1_210' title='bbox 477 3767 499 3804; x_wconf 81' lang='lat' dir='ltr'>s.</span> <span class='ocrx_word' id='word_1_211' title='bbox 519 3767 545 3802; x_wconf 89' lang='lat' dir='ltr'>v.</span> <span class='ocrx_word' id='word_1_212' title='bbox 564 3747 702 3820; x_wconf 81' lang='grc' dir='ltr'><strong><em>Κορησσὸς</em></strong></span> <span class='ocrx_word' id='word_1_213' title='bbox 720 3742 751 3800; x_wconf 80' lang='grc' dir='ltr'>οὖ</span> <span class='ocrx_word' id='word_1_214' title='bbox 769 3745 813 3799; x_wconf 75' lang='grc' dir='ltr'>νῦν</span> <span class='ocrx_word' id='word_1_215' title='bbox 830 3745 918 3816; x_wconf 71' lang='grc' dir='ltr'>βωμὸς</span> <span class='ocrx_word' id='word_1_216' title='bbox 937 3739 1025 3812; x_wconf 70' lang='lat' dir='ltr'>adripe.</span> <span class='ocrx_word' id='word_1_217' title='bbox 1113 3737 1207 3804; x_wconf 72' lang='grc'><strong>2)(11.</strong></span> 
     </span>
     <span class='ocr_line' id='line_1_30' title="bbox 154 3829 1208 3907; baseline -0.014 -16"><span class='ocrx_word' id='word_1_218' title='bbox 154 3843 247 3904; x_wconf 79' lang='lat' dir='ltr'>Etym.</span> <span class='ocrx_word' id='word_1_219' title='bbox 260 3842 337 3904; x_wconf 80' lang='lat' dir='ltr'>Mgn.</span> <span class='ocrx_word' id='word_1_220' title='bbox 355 3852 379 3888; x_wconf 88' lang='lat' dir='ltr'>s.</span> <span class='ocrx_word' id='word_1_221' title='bbox 392 3853 417 3888; x_wconf 90' lang='lat' dir='ltr'>v.</span> <span class='ocrx_word' id='word_1_222' title='bbox 430 3836 583 3907; x_wconf 61' lang='grc' dir='ltr'><strong>Κηρύκιον.</strong></span> <span class='ocrx_word' id='word_1_223' title='bbox 637 3829 674 3899; x_wconf 85' lang='grc'>3)</span> <span class='ocrx_word' id='word_1_224' title='bbox 692 3837 782 3901; x_wconf 86' lang='lat' dir='ltr'>„Esse</span> <span class='ocrx_word' id='word_1_225' title='bbox 794 3837 864 3898; x_wconf 84' lang='lat' dir='ltr'>apud</span> <span class='ocrx_word' id='word_1_226' title='bbox 877 3847 908 3884; x_wconf 89' lang='lat' dir='ltr'>se</span> <span class='ocrx_word' id='word_1_227' title='bbox 921 3830 1080 3884; x_wconf 81' lang='lat' dir='ltr'>Genehrium</span> <span class='ocrx_word' id='word_1_228' title='bbox 1092 3839 1208 3894; x_wconf 85' lang='lat' dir='ltr'>amnem,</span> 
     </span>
     <span class='ocr_line' id='line_1_31' title="bbox 154 3916 1209 3990; baseline -0.014 -12"><span class='ocrx_word' id='word_1_229' title='bbox 154 3929 247 3978; x_wconf 81' lang='lat' dir='ltr'>lucum</span> <span class='ocrx_word' id='word_1_230' title='bbox 260 3924 416 3990; x_wconf 83' lang='lat' dir='ltr'>Ortygiam,</span> <span class='ocrx_word' id='word_1_231' title='bbox 436 3923 481 3974; x_wconf 86' lang='lat' dir='ltr'>ubi</span> <span class='ocrx_word' id='word_1_232' title='bbox 494 3927 638 3990; x_wconf 78' lang='lat' dir='ltr'>Latonam,</span> <span class='ocrx_word' id='word_1_233' title='bbox 657 3926 736 3984; x_wconf 85' lang='lat' dir='ltr'>partu</span> <span class='ocrx_word' id='word_1_234' title='bbox 748 3922 898 3986; x_wconf 82' lang='lat' dir='ltr'>gravidam,</span> <span class='ocrx_word' id='word_1_235' title='bbox 918 3923 946 3970; x_wconf 88' lang='lat' dir='ltr'>et</span> <span class='ocrx_word' id='word_1_236' title='bbox 964 3919 1052 3982; x_wconf 88' lang='lat' dir='ltr'>oleae,</span> <span class='ocrx_word' id='word_1_237' title='bbox 1072 3927 1140 3978; x_wconf 84' lang='lat' dir='ltr'>quae</span> <span class='ocrx_word' id='word_1_238' title='bbox 1154 3916 1209 3964; x_wconf 88' lang='lat' dir='ltr'>turn</span> 
     </span>
     <span class='ocr_line' id='line_1_32' title="bbox 157 3996 1208 4079; baseline -0.014 -16"><span class='ocrx_word' id='word_1_239' title='bbox 157 4012 241 4064; x_wconf 84' lang='lat' dir='ltr'>etiarn</span> <span class='ocrx_word' id='word_1_240' title='bbox 259 4015 377 4079; x_wconf 84' lang='lat' dir='ltr'>maneat,</span> <span class='ocrx_word' id='word_1_241' title='bbox 396 4009 529 4077; x_wconf 73' lang='lat' dir='ltr'>acnuam,</span> <span class='ocrx_word' id='word_1_242' title='bbox 554 4009 672 4062; x_wconf 83' lang='lat' dir='ltr'>edidisse</span> <span class='ocrx_word' id='word_1_243' title='bbox 696 4021 730 4058; x_wconf 85' lang='lat' dir='ltr'>ea</span> <span class='ocrx_word' id='word_1_244' title='bbox 748 3999 889 4058; x_wconf 85' lang='lat' dir='ltr'>numina“.</span> <span class='ocrx_word' id='word_1_245' title='bbox 925 4006 989 4056; x_wconf 72' lang='lat' dir='ltr'>Tac.</span> <span class='ocrx_word' id='word_1_246' title='bbox 1009 4006 1077 4054; x_wconf 82' lang='lat' dir='ltr'>Anu.</span> <span class='ocrx_word' id='word_1_247' title='bbox 1096 4001 1146 4067; x_wconf 85' lang='grc' dir='ltr'>ΙΙΙ,</span> <span class='ocrx_word' id='word_1_248' title='bbox 1164 3996 1208 4050; x_wconf 89' lang='grc'>61.</span> 
     </span>
    </p>
   </div>
   <div class='ocr_carea' id='block_1_8' title="bbox 156 4091 809 4163">
    <p class='ocr_par' dir='ltr' id='par_1_8' title="bbox 156 4091 809 4163">
     <span class='ocr_line' id='line_1_33' title="bbox 156 4091 809 4163; baseline -0.014 -12"><span class='ocrx_word' id='word_1_249' title='bbox 156 4124 192 4136; x_wconf 90' lang='grc'>-</span> <span class='ocrx_word' id='word_1_250' title='bbox 207 4093 300 4151; x_wconf 70' lang='lat' dir='ltr'>&#39;litata</span> <span class='ocrx_word' id='word_1_251' title='bbox 320 4112 362 4162; x_wconf 84' lang='lat' dir='ltr'>ap.</span> <span class='ocrx_word' id='word_1_252' title='bbox 382 4099 472 4150; x_wconf 74' lang='lat' dir='ltr'>strab.</span> <span class='ocrx_word' id='word_1_253' title='bbox 493 4095 534 4148; x_wconf 81' lang='lat' dir='ltr'>ot</span> <span class='ocrx_word' id='word_1_254' title='bbox 554 4109 577 4150; x_wconf 86' lang='lat' dir='ltr'>c.</span> <span class='ocrx_word' id='word_1_255' title='bbox 597 4091 661 4163; x_wconf 81' lang='lat'>1‚§.</span> <span class='ocrx_word' id='word_1_256' title='bbox 682 4091 708 4162; x_wconf 83' lang='lat' dir='ltr'>l,</span> <span class='ocrx_word' id='word_1_257' title='bbox 728 4107 753 4144; x_wconf 90' lang='lat' dir='ltr'>n.</span> <span class='ocrx_word' id='word_1_258' title='bbox 766 4091 809 4142; x_wconf 81' lang='lat'>20.</span> 
     </span>
    </p>
   </div>
   <div class='ocr_carea' id='block_1_9' title="bbox 0 0 1462 4722">
    <p class='ocr_par' dir='ltr' id='par_1_9' title="bbox 0 0 1462 4722">
     <span class='ocr_line' id='line_1_34' title="bbox 0 0 1462 4722; baseline 0 0"><span class='ocrx_word' id='word_1_259' title='bbox 0 0 1462 4722; x_wconf 95' lang='lat' dir='ltr'> </span> 
     </span>
    </p>
   </div>
  </div>
 </body>
</html>
