2916 4722
276 275 325 348 70

153 463 157 475 *
276 459 343 524 busv
358 479 444 522 nunc
465 457 612 534 dicimus,
644 477 795 522 summum
823 456 935 522 tiorem
962 464 1103 521 assecuta
1126 463 1194 519 erat
1215 453 1277 534 (ci.
1302 476 1329 518 c.

218 605 226 618 .
276 563 331 640 IV,
354 585 385 647 p.
409 562 447 640 li,
468 545 569 645 §.¹5);
594 562 742 623 statuaria
765 559 823 626 sub
839 561 1056 624 Rornanorum
1080 577 1207 644 quoque
1228 561 1330 643 impe-

275 668 325 730 rio
347 664 457 728 iioruit
478 663 538 742 (ib.
562 663 590 748 ἓ.
614 665 670 743 4);
692 685 758 728 rem
784 665 956 730 numeriam
979 683 1179 748 summopere
1202 682 1241 726 ex
1265 660 1330 725 cui-

277 779 340 834 tam
362 789 400 832 ac
422 766 593 852 perfectam
622 789 725 852 prope
754 766 851 832 inisse
879 769 966 832 numi
994 768 1179 852 superstites
1208 763 1330 828 docent

277 891 369 956 quam
392 869 519 956 plurimi
540 870 601 951 (ib.
624 870 652 955 ἓ.
676 873 727 948 6).
772 869 837 934 Sed
866 869 942 956 qnid
972 869 1013 934 de
1040 869 1141 934 iiteris
1170 867 1329 933 dicemus?

277 973 384 1058 Quum
414 976 496 1038 enim
525 977 664 1038 omnium
693 975 892 1038 scientiarum
920 977 1027 1062 magui
1057 981 1203 1037 auctores
1235 980 1330 1036 antea

276 1080 339 1163 jam
363 1080 552 1142 exstitissent
581 1097 673 1162 quam
701 1075 944 1161 frequentissimi
972 1077 1033 1157 (ei.
1057 1098 1083 1138 o.
1106 1076 1170 1154 IV,
1192 1099 1224 1161 p.
1248 1075 1278 1153 1,
1301 1072 1327 1157 ξ.

172 1185 178 1196 ’
278 1183 307 1245 l.
331 1183 381 1262 2),
403 1179 456 1246 vel
477 1179 536 1244 suh
564 1183 642 1265 ipsis
664 1174 910 1265 imperatoribus
940 1189 972 1244 et
1000 1180 1163 1244 rhetorum
1190 1178 1330 1264 discipli-

276 1304 349 1347 nam
372 1283 492 1368 Ephesi
512 1283 659 1348 floruisse
681 1287 795 1349 scimus
817 1283 881 1366 (ib.
904 1284 931 1370 §.
955 1285 991 1363 3,
1019 1305 1050 1348 n.
1074 1284 1125 1362 il)
1148 1291 1181 1348 et
1201 1281 1330 1348 medici-

276 1407 337 1451 nae
359 1386 499 1451 scholam
522 1387 567 1452 ibi
590 1396 691 1452 ortam
716 1409 799 1468 esse,
829 1397 910 1473 quae
937 1389 1064 1472 optimis
1087 1389 1155 1474 ejus
1178 1390 1329 1452 scientiae

276 1493 370 1554 sectis
392 1489 629 1556 annumeranda
652 1502 701 1556 est
722 1491 786 1570 (ib.
807 1493 834 1578 §.
858 1493 888 1571 2,
911 1513 941 1555 n.
966 1491 1043 1571 Vi).

365 1593 465 1677 Quod
486 1614 565 1658 vero
595 1593 636 1658 ad
659 1594 854 1680 reipublicae
882 1594 1184 1660 administrationem
1206 1597 1328 1671 attinet

278 1695 408 1761 eaedem
431 1695 644 1762 democratiae
667 1697 802 1778 formae,
833 1721 915 1784 quae
944 1701 1115 1784 antiquitus
1142 1698 1264 1783 Ephesi
1286 1702 1345 1786 vi·⁴
1374 1769 1378 1779 .

276 1808 426 1884 gnorent,
452 1798 506 1862 v'el
534 1799 593 1864 sub
616 1803 692 1886 ipsis
715 1801 960 1887 imperatoribus
990 1801 1174 1878 manebant;
1197 1805 1329 1868 nomine

276 1902 392 1984 potius,
414 1923 507 1986 quam
529 1923 565 1966 re
587 1905 656 1988 ipsa
680 1915 816 1970 servato.
862 1903 915 1970 cf.
938 1905 966 1990 §.
991 1908 1035 1970 lo
1056 1927 1139 1991 pass.

366 2003 454 2067 Taiis
489 2005 576 2070 urbis
610 2015 709 2071 status
737 2009 865 2085 mansit,
900 2007 1006 2076 donec
1040 2007 1116 2072 urbs
1152 2029 1216 2073 una
1259 2031 1329 2076 cum

276 2105 395 2193 templo
424 2128 483 2193 per
512 2106 639 2173 Gothos
662 2109 764 2175 diruta
793 2121 840 2175 est
862 2133 890 2176 a.
913 2113 978 2176 262
994 2114 1052 2191 ²⁷).
1103 2113 1151 2178 Ac
1179 2111 1233 2177 vel
1254 2125 1331 2198 post

275 2212 374 2296 ipsam
395 2211 517 2275 ruinam
539 2232 613 2276 mox
635 2215 778 2279 restituta
806 2235 952 2302 magnam
975 2213 1159 2302 dignitatem
1182 2217 1330 2302 Ephesus

276 2318 414 2380 servavit
440 2337 500 2402 per
525 2326 671 2403 tempora
693 2320 819 2406 imperii
848 2316 1033 2403 Byzantina
1063 2318 1168 2384 donec
1196 2319 1330 2386 saeculo

275 2418 353 2481 XIV
374 2421 504 2484 ineunte
526 2423 672 2486 aTurcis
695 2435 787 2508 capta
810 2431 859 2486 est
870 2421 928 2502 ²⁸),
951 2432 1045 2508 atque
1068 2422 1154 2488 haud
1176 2424 1329 2509 procula

277 2520 400 2586 dirutae
421 2522 508 2586 urbis
531 2522 605 2588 loco
630 2525 800 2610 Ajasiuk
824 2524 977 2611 oppidum
1000 2547 1019 2589 a
1042 2528 1184 2592 Turciois
1211 2527 1329 2594 Cariae

276 2621 410 2686 ducibus
440 2624 617 2704 eonditum,
653 2627 741 2711 quod
771 2639 802 2692 et
828 2632 931 2713 ipsum
960 2629 1079 2694 saeculi
1100 2633 1163 2695 XV
1189 2635 1283 2698 initio
1310 2657 1329 2698 a

277 2727 406 2790 Timure
430 2737 554 2812 captum
578 2739 626 2794 est
649 2739 681 2793 et
697 2728 837 2794 funditus
860 2730 928 2794 fere
947 2731 1095 2798 deletum.
1110 2736 1225 2800 -Per
1239 2737 1328 2823 quod

276 2839 400 2913 tempus
423 2830 486 2893 iata
508 2851 585 2894 saue
607 2831 682 2896 urbs
699 2832 817 2910 habuit,
840 2834 1001 2900 historiam
1018 2859 1097 2903 vero
1120 2860 1187 2904 non
1201 2840 1327 2917 hahuit;

277 2952 374 3017 quare
397 2940 495 3019 totam
517 2936 608 2997 istam
631 2944 765 2999 aetatem
788 2941 964 3002 accuratius
983 2939 1164 3008 describere
1185 2966 1329 3030 superse-

278 3033 387 3098 demus
411 3043 443 3098 et
465 3035 505 3100 ad
527 3045 668 3105 veterum
685 3039 897 3124 Ephesiorum
919 3065 970 3108 res
992 3044 1137 3131 publicas
1160 3057 1192 3112 et
1213 3069 1329 3128 sacras,

276 3137 383 3204 literas
406 3148 439 3205 et
459 3149 542 3208 artes
565 3140 791 3208 describendas
814 3147 1001 3212 accedimus.

734 3375 764 3459 §-
812 3379 861 3442 ro.

323 3491 374 3549 De
393 3489 587 3569 Ephesiorum
606 3495 784 3574 reipublicae
803 3492 897 3558 forma
917 3507 1003 3577 atque
1023 3501 1277 3565 administratione.

301 3659 318 3700 ·⁸
363 3623 512 3708 Regum
535 3627 667 3710 primum
693 3630 825 3714 imperio
856 3630 991 3716 abipso
1015 3632 1139 3719 populo
1163 3635 1224 3716 (ci.
1246 3637 1273 3722 §.
1298 3638 1327 3713 2,

276 3746 307 3788 n.
330 3726 504 3805 33-36),
518 3731 781 3836 optimatium
805 3755 991 3820 eorumque,
1021 3740 1075 3821 qui
1097 3741 1176 3826 regii
1198 3742 1327 3826 generis

288 3945 291 3952 .
345 3909 686 3978 antecantamenta
708 3922 778 3972 Xen.
801 3923 899 3984 Epiros.
924 3935 950 3972 n.
971 3921 1013 3974 16.
1033 3923 1075 3976 17.
1105 3949 1142 3962 --
1172 3926 1213 3978 Gi.
1233 3941 1258 3978 c.
1276 3929 1326 3993 iv,
1432 3985 1436 3992 ,

275 4011 301 4058 p.
319 3999 361 4064 li,
379 3991 404 4062 §.
424 3997 454 4065 1,
477 4013 504 4052 n.
521 4001 557 4054 50
575 4017 597 4054 s.
687 4001 740 4071 28)
762 4006 862 4060 iiiosut
884 4007 946 4060 hist.
970 4009 996 4062 d.
1019 4006 1092 4076 i’dgi
1115 4027 1159 4076 ap.
1178 4013 1326 4075 nallawey

189 4108 193 4116 ·
276 4083 357 4134 Trav.
375 4098 401 4146 p.
419 4082 480 4138 218.
499 4093 555 4139 not.
