2910 4726
1118 301 1190 372 165

129 481 215 558 post
240 471 408 549 Timothei,
432 473 592 558 Euripidis
615 475 755 560 aequalis
771 479 833 557 ²⁸),
856 481 992 545 carmine
1015 481 1187 559 celebrata3

128 575 231 639 refert
261 578 343 638 enim
370 575 548 640 Alexander
577 577 712 671 Aetolos
741 630 756 656 ‚‚
765 591 883 666 quanto
913 583 1017 648 studio
1047 586 1187 671 populus

130 681 291 765 Ephesius
315 677 462 742 dedicato
485 679 604 766 templo
621 681 746 746 Dianae
769 687 925 748 curaverit
946 689 1092 771 praemiis
1114 711 1187 774 pro-

128 785 254 868 positis,
277 793 320 861 ut,
344 787 398 867 qui
420 793 496 848 tunc
519 794 609 872 erant
630 789 745 868 poetae
768 789 1015 872 ingeniosissimi
1036 793 1070 854 in
1084 793 1186 856 Deam

129 891 269 950 carmina
286 885 410 951 diversa
426 892 686 971 componerent“‚
709 897 741 951 et
755 893 855 974 ipsius
872 894 1016 956 carminis
1032 893 1188 981 fragmen-

129 1000 197 1054 tum
221 992 373 1068 servarit,
402 992 435 1053 in
465 1011 528 1076 quo
553 991 739 1055 Timotheus
763 994 807 1056 ita
831 991 872 1056 de
894 993 1019 1078 populo
1043 997 1186 1082 Ephesio

129 1093 286 1178 loquitur:

194 1209 281 1276 Ἀλλ’
309 1208 365 1294 ὅγε
386 1207 594 1296 πευθόμενος
615 1210 725 1298 adm
747 1215 920 1296 Τρωικοῖσι
940 1215 1106 1299 perseam

247 1309 418 1398 Τιμόθεον
440 1310 584 1400 κιθάρης
606 1314 727 1400 ἰ’ὃμονα
748 1318 804 1380 καὶ
826 1317 957 1399 μελέων,

201 1411 280 1481 Υἱόν
306 1413 528 1504 Θερσάνδροιο
551 1412 610 1482 τὸν
632 1413 746 1508 {irenen
769 1417 872 1504 ἀνέρα
895 1421 1016 1503 σίγλων

243 1522 416 1604 Χρυσείων
438 1515 528 1608 ἱερὴν
551 1515 591 1600 δὴ
614 1517 688 1585 τότε
707 1519 851 1606 χιλιάδα.

194 1621 358 1706 Ὑμνῆσαν
379 1628 503 1708 ταχέων
518 1615 617 1688 Ὦπιν
638 1621 816 1712 βλήτειραν
839 1622 968 1691 ὀϊστῶν.

206 1809 209 1816 ¹
235 1720 288 1790 Ἣ
307 1725 336 1791 δ’
363 1729 415 1792 ἐπὶ
437 1727 607 1814 Κεγχριῶν
628 1729 737 1810 τίμιον
759 1725 849 1792 οἶκον
872 1730 934 1812 ἔχει
950 1729 1009 1808 ²⁹).
1034 1765 1076 1776 -
1145 1781 1148 1787 .

217 1845 311 1930 Quae
334 1845 492 1910 dedicatio
517 1867 715 1932 quocumque
738 1857 881 1932 tempore
905 1848 987 1912 facta
1010 1851 1058 1926 sit,
1080 1847 1185 1934 splen-

128 1949 325 2014 didissimum
353 1949 432 2012 illud
463 1971 560 2035 opus,
588 1953 623 2014 in
651 1971 715 2036 quo
746 1949 876 2014 ducenti
905 1961 938 2016 et
964 1955 1078 2038 viginti
1109 1957 1184 2018 anni

128 2055 286 2118 consumti
301 2051 483 2116 serebantur
495 2053 522 2088 ³⁰
530 2057 552 2130 ),
574 2062 670 2137 atque
685 2063 734 2116 tot
749 2054 910 2118 hominum
927 2075 1025 2139 opera
1041 2059 1183 2141 impensa

128 2165 204 2235 erat,
226 2154 310 2218 h'aud
329 2154 389 2250 ¹din
411 2159 569 2242 integrum
596 2157 722 2229 mansit;
754 2159 846 2218 unius
877 2159 959 2218 enim
983 2161 1042 2220 viri
1063 2159 1184 2222 infelici

128 2259 264 2345 quadam
279 2261 400 2321 insania
418 2257 567 2322 incendio
583 2260 796 2342 petitumque
811 2266 907 2321 nocte
919 2257 1099 2346 Alexander
1114 2261 1183 2324 iria-

127 2385 211 2450 gnus
227 2372 320 2426 natus
337 2373 385 2426 est
400 2363 458 2442 31),
480 2365 539 2426 etsi
554 2383 621 2426 non
637 2359 731 2446 plane
748 2359 884 2424 dirutum
899 2359 1025 2424 videtur
1040 2363 1098 2441 ³²),
1120 2385 1182 2426 ma-

127 2487 194 2553 gno
219 2487 296 2530 sane
319 2465 509 2530 detrimento
532 2463 680 2528 allectum
704 2473 763 2536 est;
787 2465 954 2528 interiores
979 2465 1060 2526 euim
1076 2473 1183 2548 partes

129 2580 224 2656 atque
246 2567 484 2653 cella-inprimis
499 2566 605 2631 laesae
621 2577 694 2630 sunt
711 2567 906 2651 flammisque
930 2575 1096 2650 correptae
1108 2565 1166 2642 83).

198 2811 252 2881 28)
271 2817 388 2868 Mueller
406 2817 453 2867 Gr.
471 2814 525 2866 nit.
544 2818 642 2868 Gesch.
660 2817 696 2882 11,
715 2831 741 2878 p.
760 2813 822 2866 286.
892 2808 947 2879 29)
964 2815 1043 2876 apud
1060 2813 1180 2864 Maerob.

128 2907 186 2955 sat.
205 2904 241 2968 V,
260 2900 305 2952 ha.
341 2900 488 2952 Cenchrios
512 2905 601 2954 antem
623 2916 673 2964 pro
693 2899 886 2954 Selenuntihus
908 2900 999 2964 posuit
1016 2899 1182 2965 Timotheus,

127 2991 173 3040 vel
183 2985 327 3053 Cenchrio,
340 2988 517 3050 Ephesiorum
529 2986 623 3052 fluvio,
642 2987 669 3036 in
687 2999 809 3036 errorem
823 2985 960 3051 inductus,
979 2987 1023 3034 vei
1044 2988 1076 3034 do
1088 2984 1183 3036 consi-

126 3076 165 3126 lio
184 3073 329 3124 celebriori
347 3073 455 3127 nomine
473 3070 600 3120 fluviolos
617 3069 688 3119 istos
707 3071 856 3130 appellans.
901 3070 1041 3128 Templum
1060 3069 1130 3117 enim
1146 3069 1183 3116 il-

127 3163 184 3228 lud,
204 3161 274 3224 quod
291 3159 321 3210 in
339 3158 456 3222 Ortygia
470 3159 507 3212 ,ad
526 3153 685 3208 censurium
709 3165 808 3202 revere
825 3151 917 3200 hahuit
934 3151 1055 3214 Dianae,
1074 3151 1119 3200 vix
1136 3151 1182 3200 in-

129 3246 218 3310 telligi
237 3249 337 3308 potest.
420 3240 471 3304 30)
491 3241 560 3292 Piin.
580 3240 706 3305 xxxvi,
723 3235 773 3298 213
793 3235 982 3299 quadringenti
1000 3240 1089 3286 antem
1108 3235 1181 3301 anni,

128 3345 196 3396 qnos
214 3331 285 3382 idern
303 3330 358 3380 aiio
377 3332 440 3381 loeo
458 3329 539 3381 habet
558 3322 654 3392 (xvi,
680 3317 731 3388 79)
756 3325 789 3374 de
812 3334 846 3372 eo
870 3326 991 3382 tempore
1013 3319 1184 3384 intelligendi

127 3423 203 3483 sunt,
222 3418 293 3480 quod
306 3429 324 3465 a
342 3417 441 3478 templo
454 3415 577 3476 perlecto
595 3424 681 3474 usque
693 3412 727 3460 ad
739 3421 815 3460 suam
828 3409 945 3457 aetatem
959 3405 1079 3456 decurrit
1083 3419 1093 3467 ;
1112 3405 1181 3467 quod

128 3503 268 3565 exipsius
286 3501 375 3552 verti·
393 3503 519 3563 apparet:
544 3495 625 3565 „jam
648 3493 852 3560 quadringentis
875 3505 959 3553 prope
983 3489 1061 3542 annis
1085 3492 1182 3540 durare

130 3580 306 3640 materiem“.
345 3586 387 3636 ci.
406 3586 475 3636 flirt.
495 3600 521 3647 p.
539 3583 566 3636 9.
586 3577 752 3632 —'Solmas.
771 3581 805 3630 ad
824 3577 909 3630 Solio.
928 3591 954 3638 p.
973 3574 1034 3626 aia.
1054 3577 1078 3626 h.
1096 3579 1129 3626 Α.
1147 3599 1183 3610 -

129 3677 245 3726 Fortiter
262 3674 281 3722 i.
300 3674 319 3722 1.
338 3687 364 3734 p.
383 3667 444 3721 188.
525 3665 586 3732 Ι31)
605 3669 695 3718 strab.
714 3667 732 3714 1.
750 3666 770 3714 l.
792 3692 822 3702 -
843 3664 935 3714 valer.
954 3663 1026 3712 Mar.
1045 3662 1120 3725 viii,
1141 3659 1183 3710 ii.

131 3783 165 3794 —
184 3761 256 3810 Geli.
274 3759 314 3824 11,
340 3751 419 3820 6(p.
439 3753 489 3806 137
513 3750 625 3816 aron).
661 3751 791 3801 Plutarch
813 3751 891 3799 Alex.
916 3760 941 3797 o.
964 3749 1063 3796 111.-
1085 3746 1183 3796 Cicero

132 3846 165 3896 de
182 3847 287 3896 Natura
308 3845 426 3892 Deorum
449 3843 498 3908 lii,
517 3839 561 3892 27.
579 3862 615 3874 -
634 3839 778 3888 Decretum
797 3832 974 3895 Ephesiorum
997 3825 1184 3896 (‚‚comn1unis

133 3923 240 3982 Asiae“
258 3944 303 3992 ap.
317 3922 461 3992 Gellium),
480 3939 533 3990 quo
546 3937 644 3976 nornen
656 3922 736 3974 istius
748 3916 917 3982 pronuntiari
929 3915 1040 3966 vetitum
1060 3917 1129 3978 erat,
1143 3911 1183 3961 ir·

130 4015 210 4066 ritum
229 4013 345 4066 reddidit
367 4013 573 4082 hiempompua
593 4008 639 4072 qui
656 4007 690 4060 in
707 4004 828 4056 historiis
850 4013 949 4064 nomen
973 3997 1103 4062 vulgavit.
1122 3998 1183 4048 Vel.
1217 3989 1222 3997 ‘

131 4102 203 4152 Max.
222 4102 242 4150 i.
259 4101 279 4148 1.
350 4085 402 4162 32)
422 4095 490 4148 Hirt.
510 4109 535 4157 p.
555 4091 598 4146 18.
676 4089 728 4155 33)
748 4082 834 4151 Quod,
853 4100 933 4151 quum
952 4089 1063 4148 tectum,
1081 4083 1183 4148 sadus,
