2910 4726
186 378 188 382 Ι
265 255 337 342 ms

264 449 419 532 ornando,
435 449 659 538 amplificando
676 467 812 535 unquam
830 446 996 514 cessabant
1008 448 1144 536 Ephesii.
1162 447 1260 514 Nam
1277 459 1319 514 et-

263 577 432 641 neopoeos
444 578 534 640 quam
546 554 700 640 plurimos
711 551 902 638 singularem
919 555 951 617 in
968 553 1087 638 templo
1104 553 1253 618 ornando
1270 576 1321 618 cu-

263 681 330 725 ram
352 661 498 745 posuisse
521 661 635 722 scimus
659 667 751 741 atque
774 654 902 740 publice
925 656 1007 720 hanc
1030 657 1161 721 obrem
1185 655 1225 718 ab
1242 655 1322 720 urbe

265 761 465 828 collaudatos
488 763 586 826 fuisse
609 760 668 840 (ci.
693 783 718 823 c.
743 760 797 836 Ill,
819 759 846 844 §.
867 762 917 837 10,
940 781 971 827 n.
995 761 1047 824 21.
1070 760 1113 822 22
1122 766 1143 838 ),
1167 767 1199 824 et
1221 757 1321 822 multa

264 864 384 951 templo
409 864 531 950 adjecta
556 885 625 928 esse
647 866 819 927 memoriae
848 861 994 926 traditum
1018 872 1081 940 est,
1110 873 1145 929 ut
1173 863 1323 926 hestiate-

263 971 352 1046 rium,
375 967 462 1052 quod
485 969 700 1031 Damianos
730 967 869 1051 sophista
896 969 960 1029 suis
984 967 1133 1050 impensis
1157 964 1216 1043 (cf.
1240 987 1274 1048 p.
1298 965 1320 1043 I,

264 1071 292 1156 §.
316 1075 345 1151 3,
367 1073 406 1149 ll,
429 1093 459 1134 n.
483 1071 526 1134 36
550 1072 612 1149 ss.)
643 1091 660 1132 e
690 1069 827 1133 candido
857 1089 1012 1132 marmore
1038 1069 1071 1130 in
1104 1070 1175 1152 ipso
1198 1067 1322 1154 templo

264 1165 569 1238 aedificariouravit
591 1172 651 1252 (cl.
674 1195 700 1236 c.
724 1173 778 1250 lll,
800 1173 828 1258 ᾗ.
854 1174 903 1249 lo,
925 1193 957 1235 n.
980 1173 1012 1236 6.
1035 1173 1087 1250 9).
1131 1169 1220 1234 ldem
1244 1192 1324 1256 quo·

265 1299 326 1363 que
342 1281 496 1363 porticum
513 1273 668 1361 quandam
691 1273 814 1361 adjecit,
837 1297 906 1360 qua,
929 1296 971 1338 ne
995 1273 1067 1338 dum
1090 1271 1216 1359 plueret
1238 1277 1323 1338 servi

263 1403 281 1444 a
308 1385 403 1444 sacris
431 1380 587 1457 abessent,
614 1377 765 1463 templum
792 1399 861 1441 cum
885 1377 965 1444 urbe
985 1380 1188 1461 conjunctum
1212 1387 1261 1442 est
1272 1381 1323 1458 ⁴⁹),

263 1487 416 1568 cujusque
432 1476 734 1546 substructiones'in
750 1479 962 1544 fundamentis
977 1479 1039 1544 illis
1055 1483 1226 1566 agnovisse
1245 1483 1322 1546 mihi

262 1589 348 1651 visus
366 1609 444 1664 sum,
459 1608 539 1672 quae
555 1582 594 1648 ad
610 1587 690 1648 muri
712 1587 811 1647 instar
827 1605 844 1645 a
859 1593 953 1668 porta
976 1583 1063 1648 urbis
1078 1585 1321 1670 septentrionali

229 1691 236 1704 ¹
264 1690 326 1769 (cf.
348 1690 431 1754 inira
453 1689 481 1773 ξ.
505 1691 540 1767 3,
562 1709 593 1752 n.
617 1689 681 1764 31)
711 1689 960 1771 septentrionem
983 1707 1092 1750 versus
1115 1685 1155 1750 ad
1179 1709 1250 1751 eum
1274 1687 1321 1753 lo-

265 1815 335 1857 cum
360 1802 539 1870 excurrunt,
567 1790 622 1856 ubi
645 1790 795 1876 templum
818 1793 910 1855 situm
934 1789 1031 1854 fuisse
1054 1811 1147 1876 supra
1171 1791 1322 1876 probavi-

264 1917 333 1958 mus
350 1897 407 1976 55).

352 1997 535 2062 Accedebat
562 2007 726 2082 praeterea
755 2001 869 2087 ingens
899 2007 930 2062 et
958 2008 1129 2063 statuarum
1145 1999 1195 2077 ⁵¹)
1220 2008 1252 2062 et
1274 2001 1321 2084 pi·
1418 2060 1423 2065 .

264 2111 383 2166 otarum
407 2099 582 2165 tabularum
600 2102 655 2180 ⁵²),
678 2101 872 2186 aliarumque
897 2123 1000 2165 rerum
1024 2103 1320 2186 pretiosissimarum

263 2204 450 2290 multitudo,
474 2227 554 2290 quae
576 2214 613 2269 ut
634 2203 785 2268 Heracliti
809 2227 839 2268 v.
862 2227 888 2267 c.
913 2206 1043 2290 Ephesii
1066 2204 1138 2268 libri
1159 2208 1234 2291 περὶ
1257 2200 1320 2296 φύ-

264 2329 346 2384 σεως
363 2310 421 2389 55),
444 2307 640 2372 celeberrimi
655 2308 813 2371 Mentoris
835 2327 933 2392 opera
957 2329 1052 2371 aurea
1068 2309 1124 2387 54),
1149 2307 1321 2372 Alexandri

265 2409 412 2495 Cytherii
433 2408 621 2500 ψαλτήριον
648 2419 780 2496 propter
807 2409 920 2474 multas
951 2409 1086 2474 chordas
1112 2411 1254 2476 notabile
1271 2413 1320 2490 55)

264 2512 389 2598 aliaque
410 2511 558 2598 plurime,
580 2516 614 2577 in
637 2512 757 2597 templo
781 2511 1024 2598 deponebantur
1045 2523 1139 2598 atque
1161 2517 1220 2600 ipsi
1243 2515 1321 2578 Dia-

264 2636 326 2679 nae
349 2616 632 2689 consecrabantur;
656 2618 699 2678 ita
715 2625 751 2678 ut
765 2616 843 2680 haec
858 2615 967 2701 templi
983 2626 1166 2680 ornamenta
1183 2616 1320 2702 plurium

263 2716 416 2782 librorum
446 2721 545 2781 instar
574 2717 722 2780 obtinere
751 2716 923 2782 affirmaret
951 2717 1071 2782 Plinius
1088 2720 1144 2806 ⁵5).
1201 2720 1320 2805 Quam-

265 2821 390 2896 obrem,
424 2819 539 2903 quodsi
572 2817 732 2886 insolitam
767 2839 893 2904 quoque
927 2821 1037 2909 templi
1072 2821 1318 2909 magnitudinem

265 2923 396 3005 ejusque
419 2929 605 2984 structuram
628 2918 846 3006 pulcerrimam
865 2925 1016 3006 spectaris
1040 2924 1100 3004 (cf.
1124 2925 1205 2988 inira
1221 2926 1249 3011 §.
1266 2929 1319 3007 2),

263 3022 347 3088 haud
370 3023 532 3088 miraberis
555 3021 706 3108 templum
730 3033 871 3088 nostrum
889 3015 1006 3092 eximiis
1030 3027 1097 3092 lere
1112 3051 1237 3116 semper
1251 3029 1318 3096 lau-

265 3207 465 3216 ”mn—..-

333 3304 387 3375 49)
404 3311 561 3363 Philostrst.
580 3311 647 3364 Vitt.
671 3313 788 3376 sophist.
815 3313 853 3380 ll,
880 3311 926 3378 19,
950 3313 1101 3366 univeros
1124 3314 1225 3366 ἔστιδὲ
1249 3309 1319 3382 αὕτη

263 3395 329 3446 στοὰ
351 3397 394 3446 lul
420 3395 526 3448 cetoros
549 3399 633 3448 λίθου
656 3397 730 3449 πᾶσα
754 3398 794 3450 lta
816 3398 1076 3463 accipienserem,
1101 3404 1207 3452 utnon
1232 3401 1317 3452 totins

262 3485 341 3530 sluae
359 3481 501 3544 longitudo
520 3483 601 3532 stadii
619 3482 705 3533 tuisse
725 3483 839 3546 dicatam,
858 3485 906 3533 sed
924 3497 974 3546 per
992 3487 1108 3538 stadium
1128 3490 1230 3538 tantum
1250 3499 1318 3550 por-

264 3565 334 3614 ticus
353 3564 402 3614 llln
419 3581 435 3616 e
454 3571 587 3626 marmore
605 3569 680 3618 facte
698 3567 789 3620 luerit.
873 3565 926 3630 55)
945 3569 1083 3622 Prolresclr
1102 3572 1316 3636 Denlrwr'urligk.

263 3661 289 3710 p.
310 3646 368 3698 104.
388 3647 498 3700 (lhanrll.
516 3653 535 3700 l.
555 3651 625 3703 intra
638 3655 656 3702 l.
676 3647 700 3718 §.
713 3652 740 3721 3,
760 3669 786 3704 n.
799 3651 843 3705 31.
893 3649 946 3719 51)
965 3657 1111 3706 nurascnls
1129 3659 1268 3720 Penelope
1287 3664 1316 3710 et

263 3735 415 3798 Euryclea3
434 3738 590 3788 Amazones
607 3737 717 3789 Phidiae
741 3740 916 3804 aliorumque.
953 3741 994 3792 Cf.
1018 3737 1090 3792 iniis
1107 3736 1131 3808 §.
1149 3741 1176 3793 4.
1265 3737 1318 3807 52)

264 3817 442 3882 Calliphontis
460 3821 537 3886 Eris,
556 3823 661 3884 Apellis
679 3825 847 3892 Alexander,
865 3826 996 3876 mererinia
1014 3830 1171 3897 lllenelsus,
1197 3831 1316 3880 Parrhe-

263 3903 297 3954 sil
316 3909 495 3972 Megshyuus,
514 3907 662 3958 Timanthis
680 3911 850 3974 Palamedes.
887 3897 928 3960 111.
941 3911 1014 3964 infre
1027 3908 1052 3979 §.
1064 3911 1091 3963 5.
1163 3910 1216 3979 53)
1235 3897 1315 3978 11153.

262 3989 355 4038 lauert.
374 3989 422 4055 111,
444 3989 468 4053 l,
486 3989 511 4040 5.
584 3988 637 4058 54)
655 3993 724 4044 Plin.
743 3998 777 4045 ll.
795 3997 827 4045 N.
846 3995 908 4060 Vll,
927 3994 971 4048 39.
1008 3999 1135 4066 111111111,
1153 4000 1196 4052 55.
1263 3994 1316 4063 55)

264 4075 420 4125 Athenaeus
438 4077 487 4144 lv,
506 4091 532 4139 p.
551 4075 612 4130 183.
685 4075 737 4144 56)
756 4071 790 4130 ll.
809 4072 840 4132 ll.
859 4081 984 4150 xxxvl,
1002 4083 1037 4134 21
1056 4088 1125 4136 extr.
