2916 4722
1125 289 1196 362 145

136 455 194 538 qui
216 453 266 518 de
280 451 399 518 artibus
421 457 616 542 scripserunt
636 464 801 527 mentione
822 463 961 551 adjecta,
983 469 1024 535 de
1045 493 1197 560 gramma-

135 559 219 637 ticis,
240 559 406 639 historicis,
428 558 558 628 medicis
573 561 711 649 denique
731 587 824 652 quam
846 567 1028 640 brevissime
1043 595 1180 663 agamus.

491 797 521 879 1.
569 797 841 887 PlllhilSiiPlll.

226 977 278 1045 Ad
301 980 501 1046 Academiam
530 987 753 1069 pertinuerunt
777 989 876 1054 Dias
890 992 940 1073 ¹),
969 996 1022 1080 qui
1044 996 1193 1084 Philippo

136 1084 325 1164 Macedoni,
352 1095 384 1150 et
405 1084 563 1166 Delius,
593 1089 736 1154 Platonis
765 1095 898 1176 amicus,
928 1099 982 1181 qui
1003 1097 1196 1182 Alexandro,

135 1197 175 1254 ut
196 1191 298 1274 copiis
319 1192 354 1253 in
376 1189 482 1254 Asiam
505 1193 701 1277 trajicerent,
723 1208 948 1280 persuaserunt
962 1200 1012 1278 ²);
1034 1204 1195 1284 Heracliti,

135 1290 268 1377 dequo
296 1291 395 1358 modo
419 1292 566 1372 diximus,
594 1295 828 1383 philosophiam
847 1289 985 1366 'secutus
1009 1314 1058 1368 est
1079 1307 1195 1372 Anti-

135 1395 369 1476 sthenes³);
398 1405 431 1460 et
459 1396 499 1462 ad
522 1395 721 1482 Cynicorum
751 1411 868 1466 sectam
894 1408 1047 1490 pertinuit
1069 1410 1195 1476 Eche-

137 1497 224 1562 cles
241 1500 289 1578 ⁴),
314 1519 449 1584 quorum
470 1503 599 1566 uomina
623 1511 744 1567 tanturn
764 1509 921 1571 novimus.

225 1603 339 1684 Dion,
361 1602 572 1690 philosophus
596 1605 753 1690 Ephesius
769 1609 803 1688 ⁵)
832 1609 967 1674 fortasse
993 1614 1079 1676 circa
1110 1625 1195 1680 aeta-

135 1713 202 1768 tem
230 1703 402 1770 Alexandri
432 1706 478 1770 M.
508 1709 586 1772 vixit
608 1709 651 1788 6).
711 1709 913 1790 Phormio,
949 1716 1007 1777 etsi
1036 1717 1194 1801 Ephesius

135 1807 235 1872 fuisse
258 1829 319 1894 pro
343 1817 432 1874 certo
455 1809 605 1876 affirmari
626 1831 694 1876 non
716 1823 831 1902 potest,
855 1815 976 1900 Ephesi
999 1828 1086 1883 certe
1107 1823 1194 1898 vixit,

135 1931 202 1997 quo
231 1920 377 1997 temporo
405 1912 582 1992 Hannibal,
611 1917 665 2000 qui
693 1914 827 2000 supplex
856 1917 897 1982 ad
925 1918 1118 1986 Antiochum
1146 1923 1193 1987 M.

135 2013 328 2102 confugerat
350 2017 398 2096 (c.
413 2016 452 2094 ll,
474 2015 501 2102 §.
517 2019 568 2097 8),
591 2017 637 2082 ibi
658 2018 853 2085 versabatur.
899 2020 950 2086 Ad
964 2023 1193 2111 Peripateticos

133 2118 272 2182 relertur
294 2140 313 2181 a
336 2117 497 2184 Cicerone
513 2123 561 2200 7);
586 2119 655 2184 aliis
678 2121 805 2186 Stoicus
829 2132 878 2186 est
893 2124 937 2203 ⁸).

224 2221 434 2306 Daphnem
450 2224 630 2310 Ephesium,
652 2223 852 2287 Platonicum
876 2223 1075 2310 eundemque
1096 2227 1194 2290 medi-

133 2347 205 2390 cum
234 2327 319 2390 inter
347 2328 487 2391 convivii
514 2329 685 2412 participes
714 2335 868 2392 memorat
877 2327 1087 2408 Athenaeus,
1117 2339 1193 2395 tarn-

134 2450 230 2515 quam
252 2428 370 2494 Galeni
393 2429 557 2516 aequalem
574 2431 618 2511 ⁹).

225 2532 280 2598 De
295 2533 467 2598 Maximo
482 2531 678 2620 philosopho
696 2533 753 2614 ¹⁰),
776 2553 869 2618 quem
887 2531 926 2597 ab
942 2553 1029 2600 anno
1044 2534 1112 2600 fere
1126 2535 1193 2601 352

135 2707 339 2718 ...-.—-——..

209 2803 244 2873 1)
261 2809 389 2861 Philostr.
407 2811 476 2864 viu.
495 2814 576 2876 soph.
595 2814 618 2878 1,
639 2809 657 2862 4
675 2825 702 2874 p.
720 2807 738 2862 8
756 2812 798 2863 ed.
817 2812 903 2876 says.
983 2807 1019 2877 ‘ii
1038 2811 1110 2863 Piut.
1130 2813 1190 2864 adv.

134 2893 263 2946 Coloten
281 2911 308 2958 p.
328 2893 406 2963 1126,
419 2897 443 2946 D
462 2892 573 2962 (Wyth
587 2901 658 2949 Mor.
671 2899 707 2964 V,
725 2893 796 2960 602)
815 2894 910 2964 Alpicos
927 2889 958 2966 ἦν
972 2891 1099 2969 Ἐφέσιος,
1118 2901 1194 2950 ἑταῖ-

135 2999 183 3050 ρος
200 2979 394 3039 Πλάτωνος...
500 2979 536 3048 3)
562 2987 639 3045 Quod
663 2997 697 3034 ex
717 2983 794 3033 hisce
817 2983 896 3048 Diog.
914 2987 946 3034 [ι.
970 2985 1060 3036 verbis
1085 2983 1193 3049 conjeci

134 3061 203 3132 (Vl,
224 3065 249 3128 l,
270 3063 321 3130 10)
342 3065 471 3135 Γεγόνασι
494 3067 521 3118 ti
544 3069 589 3118 καὶ
610 3063 684 3118 ἄλλοι
699 3060 875 3124 Ἀντισθένεις
897 3074 973 3135 τρεῖς,
994 3067 1193 3134 Ἦρακλείτειος
1249 3058 1255 3070 ’

135 3155 181 3210 εἷς·
200 3152 288 3221 Perper
306 3146 421 3221 Ἐφέσιος
445 3155 499 3204 κτλ.
547 3155 622 3203 Unde
645 3155 759 3214 apparet
781 3155 875 3200 notum
896 3151 983 3200 fuisse
1005 3154 1192 3204 Heracliteum

136 3241 200 3290 Ant.
216 3238 372 3306 Ephesium,
392 3239 473 3290 aliter
491 3237 572 3304 enim,
591 3240 662 3302 quod
679 3237 778 3300 ubique
795 3237 876 3302 solet,
895 3236 954 3300 quia
972 3237 1055 3286 fuerit
1072 3237 1120 3288 iile
1133 3241 1192 3288 An·

136 3324 271 3376 tisthenes
289 3325 423 3388 Ephesius
442 3321 590 3390 adjecisset
607 3324 755 3388 Diogenes.
796 3325 890 3386 Neque
912 3325 1001 3372 tamen
1020 3323 1094 3373 omni
1112 3323 1192 3374 dubio

135 3421 182 3460 res
201 3413 288 3461 caret.
394 3406 431 3475 4)
449 3397 528 3475 Dlog.
547 3413 578 3461 h.
596 3411 649 3477 vi,
668 3405 701 3476 6,
719 3407 737 3458 5
755 3409 800 3460 ubi
819 3421 887 3472 quos
904 3407 1051 3472 magistros
1069 3409 1193 3460 hahuerit

136 3498 292 3546 enarratur.
398 3492 433 3560 5)
452 3501 526 3559 spon
549 3501 578 3548 et
594 3496 711 3547 Wheier
728 3495 756 3560 l,
779 3509 805 3558 p.
824 3492 875 3544 411
899 3488 942 3559 „h
960 3494 1046 3544 nome
1068 3507 1117 3553 sur
1138 3507 1193 3545 une

136 3581 205 3632 nise
219 3583 294 3632 reu
311 3581 378 3632 vura
392 3567 1035 3635 maturArnunrnoconocnnncroo‘t
1098 3573 1133 3643 c)
1146 3579 1193 3630 sr-

136 3667 245 3730 quidem
268 3680 303 3717 ex
325 3665 435 3733 adJecto
459 3664 571 3720 artificis
594 3667 702 3718 nomine
721 3667 853 3730 colligere
873 3665 955 3729 licet,
976 3664 1102 3716 uthennis
1120 3665 1194 3715 enim

137 3752 215 3804 circa
231 3755 312 3804 Alex.
330 3757 367 3803 M.
387 3758 510 3816 tempora
531 3751 600 3804 vixit
617 3754 710 3802 Mucii.
733 3753 814 3802 Arch.
839 3747 904 3818 lit,
929 3749 954 3801 l.
972 3773 1010 3785 -
1027 3750 1109 3812 siliig
1132 3749 1193 3800 Get.

137 3842 199 3890 Art.
218 3854 241 3889 s.
254 3851 281 3889 r.
331 3834 368 3903 7)
385 3840 426 3891 De
445 3841 568 3907 oratii,
588 3835 631 3904 18,
651 3833 675 3902 §.
695 3835 738 3888 75.
783 3831 818 3901 8)
837 3838 972 3887 stobaeus
990 3839 1076 3888 serm.
1089 3835 1147 3900 nli,
1166 3848 1193 3896 p.

139 3923 203 3994 366,
221 3923 266 3975 25.
285 3951 320 3962 -
337 3925 427 3976 Ursin.
446 3928 481 3978 ed
499 3923 556 3977 Cic.
574 3927 593 3976 1.
612 3926 631 3974 i.
702 3918 737 3988 9)
759 3925 861 3974 introd.
880 3923 916 3973 ci.
934 3921 1005 3971 inira
1021 3921 1070 3971 vi.
1141 3915 1193 3986 10)

138 4015 262 4074 nuncet
279 4015 436 4076 sequentem
455 4011 652 4077 philosophum,
670 4007 737 4074 licet
754 4011 846 4060 aetate
864 4009 949 4058 multo
966 4005 1144 4074 posteriores,
1163 4010 1194 4056 ut

140 4099 361 4163 philosophorum
380 4097 479 4151 seriem
497 4100 578 4163 piane
597 4097 777 4164 absolverem,
795 4096 847 4146 huc
864 4091 968 4145 restrui.

951 4175 995 4236 10
