2916 4722
1120 285 1190 359 113

129 463 268 551 plicibus
284 465 487 544 Amazonum,
511 485 591 551 quae
607 485 691 529 aram
715 465 904 547 insederant,
927 471 1108 556 ignovisse“
1128 471 1190 556 ipsi

131 569 263 654 Ephesii
286 567 507 656 gloriabantur
527 570 587 648 ¹¹);
613 567 711 634 altera
727 591 814 648 vero,
838 593 898 656 qua
914 573 1075 658 Ephesum
1092 595 1190 661 quan·

131 671 213 749 clam,
236 675 290 758 qui
313 682 345 737 et
367 673 438 738 urbi
460 693 578 738 nornen
607 671 771 752 indiderit,
800 677 882 738 circa
911 675 993 740 hanc
1024 681 1189 766 regionem

131 785 292 840 versatum
315 796 426 841 omues
441 779 581 842 viatores
596 776 736 864 benigne
756 781 918 863 excepisse
933 779 1104 845 narrabant
1117 783 1174 862 ¹²).

220 881 388 944 Historicis
417 889 520 944 autem
549 879 747 966 temporibus
778 879 916 965 asylum,
951 885 1069 970 quippe
1101 885 1190 970 quod

130 982 264 1048 multum
287 983 328 1048 ad
350 985 448 1069 ipsius
469 983 641 1078 religionis,
659 994 691 1047 et
716 982 804 1048 urbis
829 983 940 1048 ilorem
965 987 1134 1067 conterret,
1158 999 1190 1053 et

131 1089 279 1152 aPersis
302 1096 458 1151 servatum
489 1097 521 1152 et
550 1087 589 1150 ab
619 1085 802 1152 Alexandro
833 1087 873 1151 ad
903 1087 996 1152 stadii
1026 1092 1189 1155 circuitum

132 1200 258 1255 auctum
281 1193 471 1267 invenimus,
495 1189 582 1276 quod
604 1193 738 1276 spatium
770 1190 810 1254 ad
833 1193 948 1276 jactum
971 1195 1105 1279 sagittae
1128 1195 1190 1259 Mi-

131 1293 285 1358 thridates
302 1292 447 1358 delinivit
463 1303 501 1371 et,
524 1293 648 1380 adjecta
663 1293 750 1372 urbe,
774 1293 948 1380 duplicavit
963 1296 1122 1360 Antonius
1138 1299 1189 1377 ¹³).

131 1397 240 1462 Nimio
270 1407 375 1461 tamen
404 1396 506 1461 abusu
534 1395 697 1482 paullatim
727 1401 889 1486 irrepente
908 1398 970 1479 ¹⁴),
1001 1398 1125 1485 asylum
1149 1401 1189 1464 ab

134 1502 280 1590 Augusto
313 1510 345 1564 et
371 1509 485 1586 postea
515 1503 627 1565 iterum
652 1523 670 1564 a
694 1495 826 1566 Tiberio
851 1501 1038 1567 arctioribus
1062 1502 1189 1588 quidem

131 1605 251 1669 finibus
274 1625 312 1668 ac
333 1604 407 1693 lege
422 1607 584 1670 severiore
600 1607 867 1690 circumscriptum
885 1607 941 1686 ¹⁶),
964 1627 1069 1691 neque
1084 1616 1190 1670 tamen

131 1730 271 1794 unquam
293 1706 389 1794 plane
412 1707 569 1772 sublatum
594 1717 650 1772 est.
696 1709 803 1794 Quum
833 1711 914 1772 enim
945 1708 1005 1772 sub
1028 1709 1133 1774 Decio
1158 1720 1190 1774 et

131 1811 281 1898 Philippo
306 1811 435 1876 Minore
458 1814 613 1889 exstitisse
636 1812 760 1898 asylum
791 1834 808 1876 e
837 1814 940 1876 numis
959 1811 1093 1897 probari
1115 1834 1189 1899 pos-

62 1907 66 1926 '
132 1920 174 1980 sit
190 1916 247 1996 ι1),
268 1937 369 2002 usque
398 1915 438 1979 ad
467 1918 565 2000 ipsius
595 1914 706 2000 templi
735 1918 857 1981 ruinam
880 1916 941 1998 (ci.
965 1937 991 1978 c.
1015 1916 1072 1995 IV,
1094 1940 1125 2002 p.
1150 1917 1190 1995 11,

131 2022 159 2107 §.
177 2023 207 2084 l.
233 2023 330 2101 extr.)
352 2022 402 2104 jus
425 2018 504 2083 illud
522 2018 733 2084 honorificum
757 2039 865 2104 aeque,
889 2041 927 2083 ac
942 2017 1033 2083 lucro
1057 2019 1188 2106 plenum

131 2127 302 2190 retinuisse
323 2121 471 2188 videntur
493 2123 624 2210 Ephesii
642 2123 698 2203 ¹⁷).

221 2230 274 2294 De
303 2229 521 2312 mysteriis,
550 2247 646 2310 quae,
675 2234 710 2290 ut
737 2227 771 2288 in
799 2223 953 2289 Curetum
984 2224 1103 2289 sacello
1127 2226 1186 2305 (cl.

134 2389 334 2398 m-————-

205 2472 365 2544 11)'1'acit.
383 2482 454 2529 Ann.
472 2479 523 2546 111,
542 2474 588 2528 61.
661 2471 715 2542 12)
733 2479 824 2541 Etym.
843 2478 918 2541 Mgn.
937 2475 955 2526 l.
975 2477 993 2526 l.
1013 2470 1067 2527 ἀπὸ
1079 2470 1187 2546 Ἐφέσου

132 2566 211 2614 lucios
231 2559 422 2630 καπηλεύοντος
441 2564 485 2616 καὶ
509 2563 705 2633 φιλοξενοῠντος
729 2561 793 2622 τοὺς
816 2556 961 2632 παριόντας
979 2561 1022 2612 καὶ
1041 2559 1127 2614 πάντα
1146 2565 1187 2616 λέ-

132 2667 228 2714 γοντος
251 2649 316 2719 πρὸς
336 2645 451 2720 Ἔφεσον
475 2651 619 2710 eritream.
666 2650 768 2712 Quibus
790 2648 880 2698 verbis
903 2649 1031 2712 frequens
1053 2650 1187 2700 homlntint

132 2737 268 2798 Ephesum
286 2736 459 2800 migrantium
477 2735 617 2788 confluxus
641 2747 786 2800 eorumque
811 2737 924 2798 propter
946 2736 1052 2798 asylum
1072 2735 1189 2800 benigna

133 2821 262 2884 acceptio
280 2825 375 2884 aperte
393 2822 513 2874 indicata
529 2826 603 2873 sunt.
695 2817 745 2887 13)
764 2821 851 2872 Tacit.
870 2823 889 2870 1.
908 2823 927 2872 1.
951 2834 1068 2888 „ueqrm
1085 2821 1188 2872 Persa-

133 2919 192 2956 rum
211 2907 314 2958 ditione
331 2909 496 2960 deminutum
509 2905 568 2974 jus,
587 2911 650 2971 post
662 2911 843 2974 Macedonas,
862 2907 924 2958 dein
946 2921 997 2958 nos
1015 2901 1189 2972 (Romanos)

134 2993 301 3044 servavisse.
320 3021 352 3032 -
373 2997 460 3046 strab.
480 2995 554 3061 XIV,
573 3009 598 3056 p.
618 2991 679 3044 641.
770 2988 821 3058 14)
845 2992 885 3042 Gi.
904 2994 1021 3054 ,Joseph
1044 2996 1106 3042 Ant.
1124 2995 1188 3043 Jud.

133 3081 208 3148 xiv,
228 3077 271 3129 14.
292 3108 324 3118 -
343 3081 480 3132 Plutarch.
500 3082 533 3130 de
551 3091 608 3129 aer.
628 3081 663 3128 al.
682 3077 730 3127 vit.
750 3092 776 3138 p.
795 3074 855 3126 828.
874 3099 911 3110 -
927 3077 1017 3136 Apoll.
1037 3077 1124 3136 nyan.
1137 3078 1187 3137 Ep.

134 3163 168 3218 65
186 3161 231 3232 (p.
250 3163 303 3217 404
321 3161 430 3229 olem.)
447 3165 565 3235 μεμπτοὶ
583 3163 610 3214 δὲ
629 3160 743 3214 σύνοικοι
762 3157 794 3230 τῇ
820 3159 876 3226 θεῷ
894 3154 994 3216 vincar
1017 3177 1045 3209 τε
1064 3161 1107 3210 καὶ
1125 3157 1189 3229 ἡμί-

134 3271 181 3322 ρας
198 3248 217 3320 ἢ
240 3246 287 3304 οὖκ
311 3247 343 3304 (ἲν
366 3249 380 3302 ὃ
404 3253 514 3316 κλέπτης
536 3267 564 3300 τε
589 3250 633 3300 καὶ
655 3245 749 3314 λῃστὴς
773 3243 817 3296 καὶ
841 3239 1052 3314 ἀνδραποδιστὴς
1070 3245 1116 3294 καὶ
1138 3245 1189 3304 πᾶς

134 3341 197 3396 εἴτις
215 3332 308 3396 ἄδικος
325 3333 342 3404 ἢ
361 3331 493 3407 ἱερόσυλος
512 3329 544 3400 ἦν
563 3332 712 3404 ὁρμώμενος
730 3325 856 3384 aierem.
929 3325 980 3392 15)
1002 3328 1090 3380 Tacit.
1109 3329 1144 3381 th.
1164 3345 1188 3382 e.

135 3421 178 3476 83.
254 3418 305 3488 16)
319 3418 445 3494 Ἄρτεμις
462 3421 621 3476 Amos
635 3421 664 3471 iu
683 3433 762 3470 numo
775 3418 853 3469 Decii
871 3412 989 3483 (Mlonn.
1002 3417 1051 3482 111,
1070 3412 1141 3483 442)
1162 3423 1190 3469 et

136 3505 431 3574 piammonem.
452 3537 483 3548 -
504 3509 596 3571 suppl.
616 3507 668 3573 Vl,
688 3503 748 3556 728.
768 3501 828 3555 729.
860 3503 901 3555 01.
920 3517 947 3553 n.
965 3495 1047 3566 351)
1138 3499 1189 3568 17)

137 3599 215 3658 Quod
236 3609 314 3660 quam
334 3585 510 3658 pertinaciter
528 3593 690 3646 retinuerint
709 3606 743 3643 ex
767 3593 890 3654 exemplo
910 3590 959 3641 illo
978 3593 1101 3657 apparet,
1121 3592 1191 3655 quod

136 3687 231 3734 namat
249 3681 348 3733 Cicero
368 3677 464 3746 (verr.
483 3681 518 3748 11,
538 3693 577 3731 or.
591 3679 639 3748 Vl,
659 3693 683 3730 c.
697 3673 748 3743 33)
768 3679 891 3744 „Nupta
908 3679 946 3752 hi.
959 3675 1072 3728 Aurelio
1086 3680 1190 3727 Scauro

136 3772 302 3835 postulante,
322 3769 392 3832 quod
411 3767 436 3817 is
449 3767 548 3830 Ephesi
566 3780 597 3817 se
617 3769 788 3830 quaestorem
808 3764 835 3813 vi
853 3763 1013 3826 prohibitum
1033 3775 1094 3812 esse
1113 3763 1190 3812 ‹lice-

138 3855 190 3922 hat,
209 3854 352 3918 quominus
375 3867 391 3905 e
415 3856 479 3905 fauo
497 3853 601 3904 Dianae
625 3865 734 3902 servum
757 3863 851 3916 suum,
875 3850 920 3912 qui
942 3849 968 3898 in
994 3849 1059 3898 illud
1083 3849 1190 3910 asylum
1280 3877 1287 3884 -

140 3942 324 4006 confugisset,
349 3943 508 4006 abduceret,
533 3938 691 3989 Pericles
718 3935 863 4002 Ephesius,
891 3938 969 3986 homo
997 3933 1191 3999 nobilissimus,

139 4028 249 4078 ilomnm
269 4030 404 4077 evocatus
422 4019 494 4077 est“.
513 4050 549 4061 —
567 4022 653 4089 CuJus
666 4023 781 4075 Periclis
801 4031 897 4074 nornen
915 4021 942 4072 in
961 4034 1042 4072 numo
1056 4021 1192 4084 Ephesiae

141 4108 320 4180 (autonomo)
338 4113 477 4165 iuvenitur
495 4113 595 4164 Mionn.
615 4113 663 4177 111,
682 4107 743 4162 206.

943 4171 946 4180 ’
971 4191 991 4250 e
