2866 4736
475 583 607 635 AETAS
634 584 795 636 TERTIA.

105 679 363 810 Ephesiorum
382 709 578 814 historiam
601 697 950 812 continendusque
974 711 1022 786 ad
1046 737 1075 787 a.
1101 713 1158 786 41.

603 946 610 960 .
652 899 686 962 ’7.

106 1017 180 1078 Pars
200 1019 306 1097 prima,
327 1021 406 1083 urbis
425 1020 534 1080 liberae
553 896 703 1079 lri{toriam
729 1018 879 1080 continens
904 1019 972 1079 inde
998 1015 1034 1079 ab
1054 1039 1080 1078 a.-
1100 1019 1159 1080 334

206 1115 208 1121 “
494 1132 587 1191 usque
607 1115 643 1172 ad
663 1133 688 1172 a.
709 1113 777 1172 323.

198 1264 357 1340 Restituta
379 1263 525 1328 libertate
551 1261 642 1348 plebs
672 1272 783 1328 oontm
812 1271 968 1348 tyrannos
991 1227 1159 1342 saeriebat,

107 1375 205 1452 atque
223 1365 418 1452 Syrpbacem
440 1375 472 1432 et
494 1369 547 1452 qni
569 1389 587 1430 a
610 1367 762 1452 partibus·
775 1368 842 1453 ejus
865 1374 1021 1431 steterunt
1044 1386 1062 1429 e
1085 1374 1161 1432 tem·

105 1468 165 1556 plo
188 1478 378 1554 protractos,
400 1467 559 1555 lapidibus
582 1469 766 1536 obruerunt.
827 1469 900 1555 Qua
928 1489 1035 1555 poena
1064 1490 1105 1534 na
1128 1478 1161 1534 et
1198 1521 1200 1529 .
1261 1537 1274 1547 ,
1337 1459 1340 1471 '

94 1571 250 1658 ¹reliquos
272 1571 426 1646 libertatis
447 1575 591 1638 inimicos
614 1573 786 1653 afficerent,
809 1585 844 1638 nt
866 1577 919 1658 qui
941 1571 1078 1658 Philippi
1100 1581 1161 1654 sta-

106 1685 194 1742 tuam
216 1675 409 1762 dejecissent
436 1685 468 1740 et
488 1677 671 1762 Heropytbi
697 1685 935 1742 monumentum
964 1674 1161 1754 effodissent,
1213 1749 1219 1755 ,

108 1801 206 1867 aegre
229 1782 406 1844 saevientes
428 1776 592 1864 impedivit
613 1778 792 1844 Alexander
809 1781 850 1862 ιι).
896 1781 942 1844 Ut
963 1764 1049 1844 vero
1057 1779 1161 1866 Ephe·
1191 1796 1196 1812 ¹

107 1905 165 1948 sus
186 1885 231 1946 sic
252 1885 346 1946 etiam
367 1903 484 1946 ornnes·
500 1880 640 1968 reliquae
666 1883 863 1965 Graecorum
885 1883 994 1962 urbes,
1023 1873 1160 1970 exceptis

108 1984 332 2052 Halicarnasso
356 1995 388 2050 et
401 1983 525 2063 Mileto,
548 2007 625 2070 quas
648 2008 743 2070 quum
758 1988 874 2052 Persae
896 1989 1058 2052 tenuerint
1072 1987 1106 2066 ²)
1127 1989 1161 2052 vi

109 2089 290 2155 Alexander
312 2092 480 2175 occupavit
495 2089 538 2168 ³),
559 2087 643 2154 baud
665 2091 782 2154 invitae
797 2093 949 2156 victorem
971 2099 1161 2176 receperunt

107 2204 142 2258 et
163 2195 268 2258 statim
289 2191 435 2258 libertate
458 2184 596 2256 donatae
620 2202 695 2284 sunt
709 2195 753 2270 4).

91 2301 94 2304 ’
197 2296 384 2374 Alexander,
407 2296 587 2360 constitutis
609 2294 706 2362 rebus
728 2293 879 2380 publicis,
901 2295 991 2371 visis,
1013 2290 1094 2378 duae
1117 2295 1162 2358 vi-

105 2399 208 2468 senda
231 2411 321 2466 erant
336 2402 385 2479 ⁵),
414 2408 447 2464 et
471 2419 588 2486 magno
613 2434 653 2447 -
677 2397 765 2483 quod
789 2407 821 2462 et
844 2396 921 2462 alibi
950 2396 1055 2460 lacere
1077 2394 1161 2462 sole-

105 2507 164 2571 bat
185 2507 219 2586 6)
243 2517 283 2554 ’-
307 2501 462 2567 sacrificio
499 2501 584 2565 facto
613 2521 794 2587 pompaque
825 2521 895 2564 cum
922 2504 993 2566 toto
1023 2502 1162 2566 exercitu

105 2619 230 2674 armato
254 2607 364 2684 ducta,
390 2604 499 2668 urbem
528 2614 658 2690 postero
689 2603 741 2668 die
769 2603 897 2691 reliquit
913 2607 959 2684 ⁷),
983 2601 1106 2689 Lydiae
1128 2616 1161 2668 et

105 2718 275 2778 universae
290 2707 490 2795 Spithridatis
502 2710 696 2794 provinciae,
711 2708 855 2793 adquam
875 2710 967 2772 etiam
983 2708 1073 2770 Ionia
1090 2727 1174 2799 per-¹

106 2819 202 2881 tinuit
218 2817 265 2895 ⁸),
288 2813 443 2902 Asandro,
466 2810 612 2876 Philotae
638 2811 708 2876 filio
737 2811 960 2898 praeieo109).
1007 2811 1160 2896 Ephesus,

105 2932 142 2988 ut
164 2923 312 2985 universa
333 2918 424 2982 Ionia
440 2917 496 3000 ¹⁰),
512 2903 715 2992 Alexandro,
739 2917 797 2979 etsi
819 2913 917 2980 multa
940 2916 969 2976 ei
992 2913 1067 2978 inde
1091 2924 1162 2978 orta

106 3027 227 3090 fuerint
247 3003 447 3087 incommoda
470 3029 564 3104 atque
586 3017 741 3103 pericula,
763 3017 914 3103 religiose
937 3026 1042 3079 tamen
1064 3014 1160 3077 fidem

106 3130 247 3195 servavit
263 3127 318 3204 ¹¹).
365 3119 618 3206 Autophradates
642 3123 738 3195 enirn,
769 3122 822 3202 qui
845 3139 954 3202 quum,
977 3114 1159 3180 Alexandro
1194 3126 1197 3142 ¹

106 3240 140 3298 in
162 3229 267 3294 media
290 3229 364 3291 Asia
386 3233 541 3302 versante,
567 3223 732 3286 Persamm
756 3219 817 3284 dux
839 3219 941 3282 faetus
965 3229 1063 3296 esset,
1085 3219 1161 3282 Les·
1220 3267 1224 3282 .

135 3435 140 3450 ι
182 3409 535 3481 1)Arrian.1‚li·.fin.
637 3405 674 3475 2)
696 3410 807 3460 Diodor.
830 3409 886 3460 Sic.
909 3409 1002 3474 xvn,
1025 3405 1159 3458 22-21.

106 3498 142 3566 3)
160 3503 233 3552 rint.
251 3501 382 3554 Alexand.
401 3515 426 3551 a.
446 3499 489 3551 17:
567 3493 602 3561 4)
625 3496 824 3566 Προσεπιλέγων
847 3491 890 3546 ὅτι
907 3491 953 3562 τῆς
971 3494 1021 3545 τῶν
1037 3491 1161 3562 Ἑλλήνων

107 3585 302 3657 ἐλευθερώσεως
318 3585 392 3638 ἕνεκα
409 3585 456 3638 τὸν
475 3583 541 3655 πρός
552 3583 657 3652 Πέρσας
675 3581 789 3651 πόλεμον
807 3579 966 3651 ἐπανήρηται
983 3579 1062 3632 Diod.
1073 3582 1161 3648 xvll,

107 3673 153 3724 at.
171 3697 208 3709 -
225 3677 287 3724 Art.
306 3675 328 3740 l,
349 3669 391 3723 1⁸.
427 3676 467 3723 Aa
491 3669 535 3722 vel
560 3671 621 3734 ipsa
642 3668 755 3736 Lydia,
771 3669 900 3722 Sardibus
924 3669 1013 3732 captis*
1035 3663 1161 3732 (Diodor.

107 3762 203 3826 xvir,
228 3755 290 3824 21.)
308 3759 435 3810 libertate
452 3761 552 3810 donata
570 3761 621 3808 est.
667 3756 774 3808 Arrian.
797 3757 825 3824 1,
849 3753 896 3822 17,
916 3754 941 3805 4.
1031 3749 1066 3817 5)
1084 3755 1161 3804 Phot.

108 3842 220 3913 (aeni)
239 3861 264 3909 p.
279 3844 338 3897 ilo.
355 3847 415 3896 eoo.
435 3842 537 3896 rao-
549 3846 609 3894 aer.
628 3845 662 3894 v.
680 3846 714 3892 rr.
729 3845 764 3910 ιι,
775 3840 899 3892 a-or,
918 3855 942 3892 ο.
963 3842 1015 3906 rv,
1034 3842 1073 3905 ιι,
1093 3833 1117 3904 §.
1135 3837 1161 3887 5.

108 3927 684 3998 6)'l'rojaee.g.Diod.XV11,17,18.
775 3924 1038 3994 1)Arr.1,18,·3.
1127 3919 1162 3988 8)
1211 3941 1227 3954 ‘⁴

108 4023 171 4069 Art.
190 4021 214 4086 1,
235 4017 277 4086 12,
296 4017 323 4074 3.
412 4013 654 4082 9)11).1,17,7.
746 4011 795 4078 10)
815 4014 856 4066 cf.
875 4018 936 4065 Arr.
955 4016 998 4079 ΙΙ,
1017 4011 1063 4079 25,
1081 4009 1163 4062 4.-

96 4107 172 4172 ·v11,
190 4103 217 4171 9,
237 4105 261 4157 7.
336 4100 387 4169 ll)
407 4102 485 4154 Licet
504 4094 604 4154 Darius
621 4096 744 4160 ἅπαντας
752 4099 876 4167 'jusserit
893 4097 1034 4151 ὑπακούειν
1049 4095 1089 4164 τῷ
1103 4099 1160 4148 Mr-
