2866 4736
277 281 348 371 26,

277 485 334 552 pes
363 467 492 529 nomine
522 461 697 549 agnoscere
725 462 805 526 mihi
821 463 907 526 visus
936 481 1019 536 sums
1049 457 1153 546 Alope
1183 462 1268 526 enim
1298 471 1331 526 et

276 567 352 633 urbs
368 565 552 631 Thessaliae
565 575 613 630 est
625 575 657 630 et
667 563 700 629 in
714 565 831 650 mythis
843 565 935 649 hujus
948 573 1051 630 terrae
1065 573 1223 649 tamquam
1238 565 1331 650 Nep-

276 675 344 736 tuni
367 692 447 736 uxor
470 679 632 755 comparet
648 670 703 748 ¹³).
720 705 763 716 -—
780 667 940 732 Videntur
960 670 1057 754 igitur
1077 666 1203 755 Pelasgi
1226 671 1328 753 ipsam

276 794 363 838 oram
388 775 554 859 Ephesiam
577 777 710 858 primum
738 775 892 847 tenuisse,
921 781 985 835 tum
1013 791 1092 834 vero
1123 770 1267 856 aLydis
1297 784 1330 837 et

276 875 412 942 Caribus
436 881 592 941 coacti-
611 875 697 962 quod
720 879 845 961 saepius
867 878 900 939 iu
917 875 977 938 hac
992 875 1085 938 Asiae
1101 884 1192 960 parte
1211 876 1328 942 iactum

275 984 388 1044 scimus
407 982 453 1057 ¹⁴)
478 1017 517 1032 -
542 984 574 1044 in
597 983 779 1046 interiorem
802 989 905 1041 terrae
926 971 1047 1063 partem
1069 982 1249 1057 recessisse,
1272 979 1328 1044 uhi

274 1083 397 1146 Larissa
423 1085 560 1169 Ephesia
584 1095 639 1148 ost.
697 1082 760 1148 Cui
790 1084 982 1166 expositioni
1010 1103 1211 1166 summopere
1240 1082 1328 1146 iavet

161 1179 166 1194 ’
274 1186 427 1252 Muelleri
446 1193 611 1265 sententia,
635 1190 687 1272 qui
711 1189 793 1248 circa
812 1185 983 1268 Tyrrham
1001 1185 1209 1270 Ephesiorum
1233 1188 1328 1271 oppi-

273 1289 347 1354 dum
374 1291 434 1370 (ci.
457 1315 483 1356 c.
507 1293 530 1369 i,
553 1292 580 1375 §.
604 1293 656 1371 5.)
679 1289 840 1375 Pelasgos,
864 1291 917 1373 qui
937 1310 954 1350 a
977 1288 1077 1373 Lydis
1107 1279 1191 1352 bene
1215 1287 1328 1356 distin-

272 1394 392 1481 guendi
414 1404 496 1472 sunt,
519 1394 640 1458 sedisse
662 1403 772 1456 censet
794 1401 888 1477 atque
910 1390 985 1456 inde
1003 1392 1246 1476 Tyrrhenorum
1267 1413 1329 1458 no

271 1520 344 1562 meu
368 1500 528 1583 accepisse
547 1497 602 1576 ιδ).

295 1631 300 1638 ·
360 1601 425 1665 Sed
450 1611 482 1665 et
504 1599 584 1664 alios
606 1597 782 1664 nonnullos
811 1595 951 1684 populos
974 1607 1114 1662 nostram
1137 1608 1268 1676 terram,
1299 1603 1327 1663 si
1416 1675 1417 1694 Χ

270 1723 338 1768 non
359 1708 507 1783 tenuisse,
529 1706 672 1791 tetigisse
689 1701 799 1767 saitem
814 1701 944 1787 probari
959 1711 1073 1785 potest,
1095 1711 1138 1780 ut,
1157 1705 1215 1786 qui
1231 1704 1325 1766 etiarn

200 1844 204 1856 =
270 1807 415 1871 Miletum
438 1811 470 1870 iu
493 1817 652 1892 potestate
675 1805 835 1891 quondam
863 1815 1035 1869 tenuerunt
1051 1805 1121 1884 ¹⁶),.
1136 1803 1324 1882 Cretensem

221 1919 231 1927 “
270 1908 358 1996 quod
382 1921 414 1974 et
430 1907 530 1987 Caesi,
553 1910 641 1974 urhis
659 1908 832 1974 conditoris
848 1911 977 1972 nomine
994 1909 1234 1996 comprobatum
1251 1931 1325 1974 cen·
1416 1985 1417 1994 ἵ

269 2033 326 2078 seo
344 2014 399 2091 ¹⁷),
422 2023 455 2076 et
477 2011 659 2091 Cretinaeo,
682 2012 757 2076 loco
781 2007 919 2098 quodarri
944 2013 1161 2098 Ephesiae-
1178 2024 1324 2099 utroque,

270 2115 436 2194 confiteor,
458 2125 507 2180 sat
528 2115 592 2180 ieri
615 2126 802 2204 argumento
822 2153 863 2178 v-
881 2114 1051 2180 indicatum
1070 2116 1130 2195 ¹⁸);
1153 2117 1323 2202 Bebrycos

269 2219 386 2284 deinde
404 2221 459 2308 ¹⁹),
476 2221 641 2284 Thraciam
660 2219 815 2306 quandam
834 2229 960 2306 gentem
973 2220 1029 2299 ²⁰),
1046 2224 1109 2306 qui,
1122 2224 1150 2284 si
1170 2222 1323 2300 eBenna,
1414 2243 1415 2250 ¹

267 2325 505 2388 urbe‘Thracia
528 2348 620 2410 quarn
643 2326 758 2388 Benuii
781 2323 961 2388 habitarunt
976 2323 1032 2403 ²¹),
1057 2327 1216 2409 conjicere
1238 2323 1323 2404 licet,
1415 2387 1416 2400 ,

217 2490 223 2498 ι
266 2427 409 2492 Bonnam
434 2429 568 2492 fortasse
592 2427 804 2492 condiderunt
825 2431 927 2492 vicum
944 2428 1099 2513 Ephesiae
1113 2429 1163 2508 22)
1187 2429 1225 2492 ci.
1245 2427 1272 2514 ξ.
1288 2431 1320 2494 3.

267 2557 467 2574 ..ι-ηιμ,-

268 2621 379 2674 storicis
398 2622 563 2683 temporibus
583 2626 670 2672 ortum
689 2633 857 2672 censeamus.
929 2618 981 2685 13)
1005 2626 1097 2686 Steph.
1116 2626 1231 2687 nysam.
1250 2639 1274 2676 s.
1292 2639 1321 2676 v.
1414 2609 1415 2614 ¹

265 2699 372 2773 Ἀλόπῃ.
392 2708 493 2770 Hygia.
512 2709 565 2759 inb.
584 2709 766 2758 cnxxxvii.
786 2731 822 2742 -
840 2708 875 2758 ci.
891 2709 971 2758 Paus.
990 2710 1012 2776 1,
1026 2709 1053 2776 5,
1067 2708 1091 2760 l.
1165 2707 1216 2773 14)
1240 2713 1320 2772 Quod

266 2793 367 2841 multae
386 2793 575 2860 Pelasgorum,
595 2794 639 2856 qui
658 2807 733 2844 oram
756 2794 839 2844 Asiae
862 2794 973 2846 minoris
997 2795 1118 2846 tenuisse
1136 2797 1273 2864 dicuntur,
1290 2797 1318 2848 in
1413 2789 1414 2798 ’

265 2877 361 2928 mediis
379 2878 460 2928 terris
479 2881 559 2930 sedes
580 2880 708 2930 Larissae
732 2881 906 2940 comprobent
929 2882 964 2930 ci.
987 2883 1077 2932 strab.
1095 2884 1114 2932 l.
1132 2884 1152 2933 l.
1171 2909 1204 2920 -
1225 2886 1317 2947 Steph.

265 2965 333 3026 Byz.
353 2979 375 3014 s.
395 2979 420 3014 v.
440 2964 510 3034 Λαρ.
584 2961 634 3026 15)
654 2966 730 3024 Quod
749 2967 818 3026 apud
836 2949 923 3028 ipsmh
946 2968 981 3017 ci.
1005 2969 1137 3018 Etrusirer
1155 2969 1225 3020 nini.
1244 2969 1272 3037 2,
1291 2968 1317 3020 5.
1412 2991 1413 3012 i

264 3064 291 3114 p.
310 3047 377 3102 79-
389 3047 433 3100 82.
539 3046 587 3114 16)
606 3051 724 3100 Pausan.
742 3051 804 3117 vii,
822 3050 849 3118 2,
868 3050 894 3102 5.
1001 3049 1052 3118 17)
1070 3055 1186 3106 Pausan.
1206 3057 1270 3122 vii,
1288 3057 1316 3124 2,

265 3134 290 3187 7.
307 3154 314 3188 ·,
363 3134 414 3198 18)
432 3138 559 3188 Parthen.
577 3139 656 3197 Narr.
675 3139 736 3188 Err.
755 3149 779 3188 c.
798 3139 832 3188 V.
850 3139 878 3190 in
891 3139 1008 3202 Ephesia
1023 3138 1118 3215 χώρων
1196 3140 1228 3193 τὸ
1241 3143 1317 3212 Kpp-
1411 3181 1412 3184 η

263 3229 364 3274 scrutor
382 3225 527 3288 ἐπικληθίν.
553 3239 555 3254 ¹
617 3221 667 3286 19)
686 3225 777 3308 schol.
799 3227 889 3287 apoli.
907 3226 947 3292 11,
971 3225 998 3274 2.
1016 3221 1182 3294 Κατῴκησαν
1201 3229 1232 3278 δέ
1248 3247 1316 3286 τινες

263 3308 313 3359 τῶν
330 3307 467 3376 Βεβρύκων
489 3310 534 3358 καὶ
556 3310 617 3378 περὶ
638 3307 701 3368 τοὺς
724 3308 793 3362 κατὰ
816 3308 862 3377 τὴν
881 3305 995 3378 Ἔφεσον
1018 3312 1063 3378 arci
1085 3313 1245 3379 Μαγνησίαν
1268 3312 1315 3366 τό-

262 3411 340 3454 πους,
359 3394 404 3456 qui
422 3395 513 3454 paullo
526 3399 608 3444 antea
624 3392 659 3454 τὰ
673 3393 879 3464 παραθαλάσσια
891 3409 1042 3458 occupasse
1054 3402 1207 3449 narrantur.
1238 3402 1315 3452 Haeo

262 3478 370 3528 Berkel.
388 3479 421 3528 ad
440 3481 531 3540 saepo.
550 3481 617 3541 Byz.
635 3494 658 3530 s.
677 3495 703 3530 v.
721 3480 761 3532 ita
777 3473 846 3544 logii
863 3481 923 3549 περὶ
940 3479 988 3548 τὴν
1006 3483 1111 3534 Λυδίαν
1129 3486 1155 3534 ir
1172 3491 1229 3544 τοῖς
1247 3483 1313 3554 πλή-

234 3629 240 3642 ’
262 3580 320 3614 uror
335 3555 449 3629 Ἐφέσου
554 3559 653 3626 τόποις.
688 3565 729 3620 Ab
747 3565 789 3614 his
807 3568 835 3616 et
853 3568 1019 3629 Lampsacus
1036 3564 1161 3633 (Charon
1177 3573 1313 3636 hampsc-
1409 3589 1410 3598 ¹

262 3661 322 3700 cen.
341 3651 420 3710 apud.
439 3653 529 3700 schol.
554 3647 623 3713 Ap.)
647 3654 675 3702 et
697 3647 781 3716 'l'roja
805 3647 911 3715 (schol.
934 3656 1069 3718 nycopiu.
1092 3657 1163 3718 apuu
1186 3651 1312 3722 aurei.)

260 3735 396 3798 Bebrycia
413 3735 486 3786 dicta
504 3739 555 3786 est.
625 3731 677 3800 20)
697 3738 856 3788 Strabonem
873 3751 973 3802 sequor
991 3755 1017 3804 p.
1034 3737 1097 3792 295.
1109 3739 1171 3794 541.
1188 3743 1260 3794 Aliis
1278 3757 1311 3794 ex

260 3822 349 3878 Ponto
367 3827 396 3872 et
412 3821 539 3904 Bithynia
556 3821 662 3874 oriundi
679 3828 743 3874 sunt
761 3825 797 3874 ci.
820 3826 912 3888 steph.
936 3828 1001 3888 Byn.
1025 3841 1049 3879 c.
1071 3827 1187 3890 interpr.
1258 3824 1310 3892 21)

219 3987 225 3996 .
260 3925 329 3975 Piiu.
348 3927 396 3991 iv,
416 3922 459 3976 18.
476 3949 513 3962 ···
530 3929 621 3988 saepo.
640 3929 708 3990 oye.
732 3942 755 3979 s.
773 3942 800 3978 v.
818 3931 924 3996 Benna,
948 3943 1026 3993 quam
1050 3937 1080 3983 st
1099 3932 1199 4000 duplici
1217 3907 1236 3984 J
1251 3907 1311 3985 ete

260 4011 328 4077 φίλῳ
352 4011 519 4062 scribendam
538 4017 641 4080 censet,
660 4017 754 4065 eadem
775 4016 856 4077 piane
877 4015 986 4068 ratione
1008 4031 1061 4081 qua
1082 4021 1175 4071 muna
1190 4019 1309 4082 Ephesia

260 4095 396 4148 scribitur.
466 4094 518 4164 11)
538 4102 629 4162 stepo.
647 4103 714 4165 iiyn.
733 4115 756 4152 s.
775 4115 801 4151 v.
820 4103 956 4171 Bsmopic
973 4104 1009 4154 oi.
1027 4099 1051 4168 §-
1068 4102 1095 4155 2.
