2866 4736
277 239 326 313 34

278 419 495 488 describendis
518 427 623 484 autern
646 416 857 503 Ephesiorum
880 415 1081 480 incruentis
1098 413 1334 480 Heracleotidis

279 524 417 611 denique
438 525 632 588 mentionem
658 520 818 607 adjiciam,
847 541 940 606 quarn
969 522 1109 584 tenuisse
1131 519 1334 605 Ephesiosa

279 628 439 694 Strabone
462 635 594 712 apparet
611 628 667 706 ¹⁷).
711 625 796 689 Num
819 644 897 688 vero
919 625 990 702 hoc,
1013 621 1136 707 dequo
1159 643 1248 686 nunc
1270 626 1335 710 agi-

238 779 240 784 ·
278 753 348 798 mus
370 739 515 816 tempore
536 733 571 794 in
594 733 662 816 ejus
683 732 922 816 possessionem
943 729 1006 814 jam
1029 729 1177 820 venerint
1193 727 1333 812 Ephesii,

279 854 476 922 magnopere
505 832 680 900 dubitarim.
735 833 829 918 Quae
858 833 964 896 omnia
993 833 1045 896 vix
1074 841 1180 895 certae
1208 830 1334 895 cuidam
1419 913 1420 916 Ἴ

280 941 376 1002 aetati
398 934 534 1002 adscrib'i
555 946 705 1024 possuut;
729 940 865 1002 certiora
887 944 976 1013 sunt,
1005 933 1081 1022 licet
1104 934 1143 998 ab
1168 938 1256 998 omni
1280 933 1335 998 du·
1419 917 1420 940 ¹

279 1041 436 1106 bitatione
458 1041 543 1106 haud
565 1051 696 1118 remota,
718 1061 800 1124 quae
823 1038 863 1103 de
886 1037 982 1117 bello,
1005 1036 1092 1123 quod
1114 1060 1185 1103 cum
1201 1038 1336 1125 Magne-
1419 1027 1420 1030 ¹

279 1144 365 1210 tibus
386 1153 556 1232 gesserunt
570 1145 706 1230 Ephesii,
731 1165 748 1206 e
772 1141 957 1228 quibusdam
974 1143 1118 1228 vestigiis
1134 1139 1247 1228 colligi
1261 1162 1335 1226 pos
1419 1157 1420 1198 r

279 1259 361 1328 sunt,
384 1259 424 1327 et,
446 1271 527 1334 quae
549 1251 583 1312 in
605 1247 689 1312 idem
711 1246 780 1310 lere
798 1256 921 1332 tempus
936 1244 1056 1323 incidit,
1079 1246 1199 1330 Ephesi
1221 1255 1335 1310 contra

215 1415 220 1422 ,
263 1354 395 1417 .Treres
418 1352 573 1417 defensio.
615 1389 654 1402 -
692 1349 818 1414 Bellum
841 1353 925 1414 enim
949 1371 1018 1414 cum
1041 1348 1247 1435 Magnetibus
1270 1359 1333 1412 taur

278 1456 449 1528 infeliciter
470 1463 638 1542 gesserunt
655 1455 716 1535 ¹⁸),
744 1465 781 1518 ut
809 1452 951 1538 ultimum
976 1451 1150 1537 periculum
1179 1455 1232 1516 vix
1256 1453 1336 1518 ellu-

279 1563 415 1648 gisscnt‚
438 1561 499 1622 nisi
523 1557 637 1622 eodem
667 1567 812 1644 tempore
834 1557 1004 1644 Magnetes
1027 1577 1045 1618 a
1069 1555 1221 1621 Trerihus
1245 1557 1334 1622 bello

277 1667 371 1749 petiti
393 1664 527 1728 luissent
550 1672 582 1727 et
603 1661 735 1737 devicti3
765 1664 810 1724 ita
839 1670 875 1726 ut
897 1659 1042 1744 Ephesii,
1068 1659 1206 1724 hostiurn
1235 1662 1335 1726 infor-

279 1770 368 1832 tunia
391 1777 517 1831 utentes
540 1765 660 1844 urbem,
689 1789 706 1829 a
731 1763 883 1828 Trerihus
908 1765 1033 1849 jamjam
1063 1761 1198 1828 dirutam
1226 1769 1333 1828 statim

280 1878 475 1952 occuparent
491 1870 550 1946 l⁹).
595 1867 695 1951 Quod
723 1877 755 1931 et
776 1870 879 1952 ipsum
901 1868 936 1930 in
959 1865 1077 1931 Calliui
1098 1869 1195 1931 vitam
1218 1867 1334 1932 cadere

278 1970 419 2050 videtur,
447 1973 565 2056 quippe
594 1973 663 2055 qui,
692 1980 728 2034 ut
755 1973 901 2056 prosperi
927 1969 1114 2057 Magnetum
1144 1981 1260 2050 status,
1289 1975 1336 2036 sic

280 2077 374 2140 etiam
398 2096 507 2140 eorum
529 2074 723 2138 infortuniae
751 2085 924 2159 captaeque
953 2073 1042 2138 urhis
1070 2077 1266 2155 mentionem
1288 2075 1333 2139 la·

279 2179 416 2259 oiat²⁰).
461 2176 513 2244 cf.
537 2201 564 2243 c.
586 2179 644 2255 lv,
665 2201 696 2264 p.
719 2178 742 2256 1,
765 2177 793 2262 §.
813 2179 842 2241 l.

365 2284 459 2348 Hanc
480 2303 567 2361 vero,
591 2304 652 2367 qua
674 2282 842 2370 Magnesia
863 2279 971 2346 diruta
995 2289 1050 2359 est,
1074 2282 1208 2362 Trerum
1229 2285 1333 2370 incur-

278 2387 401 2450 sionem
424 2387 484 2450 alia
507 2385 605 2464 modo
629 2395 843 2450 antecesserat
866 2383 1117 2464 Cimmeriorum,
1144 2389 1213 2470 qui,
1237 2409 1332 2472 quum

279 2510 297 2551 a
319 2489 446 2572 Scythis
469 2490 553 2576 pulsi
577 2489 674 2576 Gyge
703 2497 857 2576 regnante
879 2492 913 2552 in
936 2488 1042 2552 Asiam
1065 2479 1245 2569 irruissent,
1275 2492 1332 2556 snb

278 2589 389 2674 Ardye
412 2591 487 2669 (01.
510 2593 565 2669 25,
587 2593 723 2668 2-37,
746 2593 767 2653 4
789 2616 834 2650 =
856 2593 1064 2670 ors-629)
1095 2592 1211 2658 Sardes
1241 2617 1333 2681 cepe·

278 2703 353 2758 runt
375 2694 440 2773 ²¹);
467 2696 570 2780 iisque
597 2693 715 2758 relictis
741 2691 899 2780 Lygdami
927 2689 1014 2759 duce'
1038 2695 1159 2762 Ioniam
1189 2702 1331 2786 aggressi

278 2939 358 3002 elum-
366 2943 456 2994 strab.
465 2943 527 3010 Xll,
536 2957 563 3006 p.
576 2939 630 2994 540
638 2942 676 2992 in.
687 2956 713 3004 p.
724 2939 784 2992 557.
821 2938 872 3007 17)
882 2943 956 3010 xlv,
967 2959 994 3007 p·
1005 2941 1067 2996 642.
1077 2947 1113 2998 cf.
1122 2961 1147 2998 c.
1157 2948 1179 3014 l,
1190 2942 1215 3013 §.
1225 2947 1252 3000 5.
1263 2951 1331 3000 extr.
1366 2967 1369 2974 ·

278 3022 328 3094 18)
347 3030 435 3080 strab.
452 3031 533 3093 xlv,
556 3026 617 3080 547.
660 3029 789 3086 Καλλῖνος
811 3033 858 3098 μὲν
882 3022 928 3080 οὖν
955 3027 989 3090 ὥς
1015 3025 1193 3098 εὐτυχούντων
1220 3037 1259 3086 ἔτι
1282 3031 1332 3086 τῶν

277 3111 427 3182 Μαγνήτων
449 3121 579 3188 μέμνηται
604 3117 650 3168 καὶ
672 3113 886 3186 καθορθοὺντων
909 3119 933 3168 ἓν
955 3114 991 3184 τῷ
1018 3117 1086 3188 πρὸς
1112 3118 1175 3178 τοὺς
1201 3121 1332 3190 Εφεοίονς

235 3255 238 3259 ,
276 3201 387 3270 πολέμῳ.
405 3223 442 3238 -
459 3204 537 3266 Apud
553 3204 660 3254 helian.
678 3205 712 3253 V.
730 3206 763 3254 Η.
781 3205 861 3271 xlv,
880 3201 924 3255 46.
942 3204 1018 3256 acies
1041 3207 1214 3272 describitur,
1231 3221 1287 3270 oure
1306 3209 1331 3258 ot

275 3282 420 3357 Μαιάνδρῳ
440 3285 626 3358 παροινοῦντες
645 3287 784 3358 Μάγνητες
800 3283 929 3358 Ἐφεσίοις
947 3291 1121 3358 πολεμοῦντες
1138 3292 1166 3342 λιι
1185 3293 1258 3344 bello
1276 3293 1330 3344 isto

275 3371 418 3424 victorium
435 3378 618 3436 reportarunt.
692 3373 744 3439 19)
764 3379 824 3438 Qua
840 3375 868 3426 io
887 3389 918 3426 rc
937 3377 1133 3428 Groskurdium
1150 3391 1266 3442 sequor,
1280 3378 1330 3442 ,qui

243 3464 249 3478 ·
275 3457 310 3506 ad
329 3457 482 3530 verslonem
493 3462 582 3510 strab.
606 3463 626 3510 t.
644 3462 700 3526 111,
713 3475 777 3526 pag.
794 3459 840 3527 30,
859 3475 886 3512 u.
903 3459 929 3525 l.
948 3474 998 3523 pro
1017 3462 1053 3526 τῷ
1066 3456 1093 3512 ‹t'
1106 3443 1159 3531 lii:
1172 3467 1250 3516 tusae
1264 3464 1329 3520 (lod.

275 3542 362 3590 Mose.
380 3544 417 3591 lca
435 3543 561 3606 proponit
578 3550 607 3596 et
625 3561 650 3608 p.
668 3545 718 3614 31,
744 3562 768 3598 o.
787 3546 813 3598 2.
837 3560 887 3609 pro
907 3548 1068 3612 Μιλησίοοςι
1095 3543 1275 3619 ,,Ἐψεοίοιις“.
1295 3551 1330 3600 ct'.

275 3639 353 3690 quem
370 3627 463 3679 laudat
481 3629 566 3680 Clam.
583 3633 663 3684 Alex.
682 3637 781 3684 strom
803 3649 829 3696 p.
847 3629 910 3683 397.
967 3629 1037 3702 ῐῖθ)
1055 3638 1135 3698 Apud
1151 3637 1329 3688 Athenaeum.

212 3787 215 3794 .
273 3713 336 3778 Xll,
354 3710 415 3762 525.
433 3714 579 3782 Λπήλοντο
598 3717 626 3768 dl
644 3719 689 3768 καὶ
702 3714 844 3786 Μάγνητες
862 3721 889 3770 οἱ
906 3716 973 3787 πρὸς
985 3717 1131 3790 Μαιάνδρῳ
1145 3722 1188 3774 διὰ
1202 3722 1235 3774 τὸ
1251 3725 1329 3776 πλέον
1417 3749 1418 3780 f

274 3793 403 3865 ἇνεθῆναι
420 3795 453 3858 ὥς
470 3820 532 3870 φησι
548 3803 678 3864 Καλλῖνος
690 3807 720 3854 ’ἐν
737 3811 793 3864 τοῖς
810 3806 927 3871 ἐλεγείοις
941 3833 970 3844 ·—
986 3803 1098 3857 ἑάλωσαν
1116 3806 1166 3876 γάρ
1183 3806 1238 3862 ὑπὸ
1254 3804 1328 3878 Ἐφε-

274 3887 342 3936 σίαν.
449 3884 502 3952 21)
527 3889 691 3940 Posthabitis
709 3896 738 3942 et
756 3891 867 3942 Frantdi
884 3888 1017 3958 (Gallio.)
1041 3896 1070 3944 et
1092 3894 1183 3944 Baebii
1211 3891 1327 3960 (fragm.

275 3968 343 4108 pipp.
356 3968 470 4108 lgguef.)
495 3974 737 4044 disputationibus,
757 3979 917 4056 Muellerum
937 3991 1036 4044 scurror
1054 3980 1119 4032 hitt.
1139 3981 1238 4032 Geseh
1260 3983 1282 4047 1,
1301 3995 1325 4042 p.
