2910 4726
1111 310 1182 384 loa

121 489 355 569 Artemidorus,
376 491 439 555 hoe
461 513 565 578 neque
588 489 711 556 laudari
733 500 849 577 potest,
872 513 976 579 neque
998 496 1180 580 vituperari.

122 597 234 680 Quum
258 598 341 684 euim
366 617 384 658 e
407 597 504 660 totius
523 597 630 680 operis
653 595 789 660 consilio
812 600 941 662 nonnisi
963 597 1076 662 breves
1099 601 1181 664 noti·

121 704 197 778 tiae,
220 699 473 777 observationes,
495 709 666 785 praecepta
689 699 870 790 afferantur,
896 711 1058 766 auctorem
1080 704 1113 768 iu
1135 701 1181 768 di·

123 805 232 867 ctione
263 801 457 868 elaboranda
487 802 609 867 nullum
633 803 700 867 fere
723 802 861 880 studitum
891 825 1014 890 ponere
1036 809 1180 890 potuisse

121 906 217 970 facile
240 917 385 992 apparet3
409 905 497 992 quod
520 929 599 972 vero
624 905 664 970 ad
686 929 747 985 res,
768 929 809 972 ne
832 908 880 972 his
897 907 1023 992 quidem
1045 929 1179 994 magnus

121 1011 245 1076 fructus
267 1013 388 1097 percipi
411 1019 528 1096 potest,
551 1013 688 1098 exceptis
710 1010 874 1076 nonnullis
898 1011 1053 1097 capitibus
1075 1014 1114 1090 ll,
1136 1015 1180 1078 ³5

122 1113 166 1178 ed
189 1113 279 1178 Reili
299 1139 329 1200 p.
345 1116 561 1192 ano-224),
584 1117 616 1176 in
640 1114 754 1200 quibus
777 1115 914 1193 uberius,
936 1137 998 1180 nec
1019 1119 1088 1182 sine
1110 1115 1179 1182 ullo

121 1215 243 1302 judicio
267 1215 308 1282 de
330 1219 475 1282 Deorum
497 1227 609 1282 natura
633 1221 738 1306 agitur
760 1229 855 1304 atque
877 1217 1120 1306 significatione.

210 1321 264 1385 De
286 1325 418 1386 auctore
441 1319 600 1387 Carminis
622 1323 697 1406 περὶ
718 1323 899 1408 καταρχῶν,
922 1321 1010 1408 quod
1032 1327 1065 1388 in
1087 1323 1180 1390 simili

121 1422 262 1508 quodam
286 1435 473 1513 argumento
495 1436 648 1505 versatur,
671 1426 859 1505 Maximo,
880 1427 1129 1513 numEphesius
1151 1429 1179 1492 is

121 1525 219 1592 luerit
242 1549 282 1595 au
306 1531 448 1616 Epirota,
472 1529 644 1595 dubitatur.
701 1529 812 1596 Plures
835 1541 939 1596 tamen
962 1552 1021 1617 pro
1046 1533 1178 1616 Epirota

121 1633 266 1712 stant2).
312 1632 478 1718 Quatenus
507 1655 586 1698 vero
616 1634 792 1700 Michael
815 1635 971 1721 Ephesius
1000 1635 1062 1700 huc
1083 1636 1179 1720 perti-

121 1737 197 1802 heat
221 1759 239 1802 e
261 1740 389 1823 scriptis
414 1739 482 1824 ejus
504 1737 552 1824 (ξ.
574 1741 605 1818 2,
627 1760 658 1804 n.
681 1739 717 1818 l)
740 1737 851 1826 colligi
872 1747 988 1824 potest.

476 1975 524 2058 Π.
579 1974 827 2062 unisonus·

209 2163 263 2227 De
285 2164 452 2242 rhetorica,
476 2167 616 2248 quamvis
638 2163 740 2228 multo
764 2163 857 2227 altius
882 2167 949 2250 ejus
973 2165 1113 2250 origines
1131 2184 1166 2226 re

120 2265 282 2353 petendae
305 2271 376 2346 sint,
398 2269 449 2330 hic
471 2276 575 2331 tamen
600 2269 734 2353 primum
758 2269 886 2354 agimus,
917 2265 1003 2352 quod
1026 2287 1178 2329 summum

119 2369 234 2436 florem
270 2373 351 2436 circa
386 2373 516 2458 Trajani
553 2369 621 2436 fere
660 2379 691 2436 et
727 2369 879 2434 Hadriani
917 2380 1061 2460 tempora
1095 2389 1179 2433 asse-

57 2465 64 2474 ’
121 2485 194 2540 cuta
220 2486 276 2540 est.

210 2579 348 2645 Saeculo
377 2582 479 2666 primo
509 2588 583 2646 aute
606 2576 766 2644 Christum
795 2577 863 2642 fere
891 2576 998 2644 medio
1017 2579 1063 2660 ¹⁰)
1090 2586 1178 2644 tanta

119 2685 183 2768 jam
206 2684 381 2749 rhetorices
403 2683 507 2772 gloria
530 2681 692 2771 gaudebat
711 2680 940 2747 Alexander
956 2683 1121 2768 Ephesius,
1143 2693 1179 2747 ut

93 2807 103 2817 ·
119 2781 260 2871 Aipgnori
283 2811 353 2852 eum
370 2791 465 2866 cives,
489 2786 529 2852 de
545 2787 658 2874 quibus
676 2789 768 2850 etiam
784 2789 816 2849 in
832 2786 927 2851 robus
943 2785 1078 2874 publicis
1094 2785 1178 2850 bene

118 2893 251 2956 meritus
275 2891 371 2955 luisse
393 2891 528 2969 videtur,
544 2889 745 2978 appellarent
759 2891 814 2966 ¹¹).
858 2890 974 2955 Libros
991 2893 1059 2976 ejus
1082 2907 1178 2978 snpra

117 2996 183 3079 jam
204 2998 434 3073 recensuimuS‚
456 2998 616 3080 politicos,
642 2995 826 3072 historicos,
854 2995 1103 3080 geographicos;
1137 2991 1178 3058 de

118 3101 246 3183 scriptis
269 3120 347 3164 vero
369 3099 535 3164 rhetoricis
557 3095 635 3158 nihil
651 3117 780 3180 prorsus
803 3105 936 3159 constat.
982 3098 1087 3160 Primo
1103 3104 1179 3180 post

119 3199 283 3266 Christum
306 3203 435 3266 saeculo
459 3201 526 3264 lere
549 3197 655 3263 medio
675 3201 857 3284 Tyranni
881 3198 1050 3284 cujusdam,
1072 3199 1178 3261 rheto-

118 3307 162 3369 ris
186 3305 326 3392 Ephesii,
349 3307 542 3370 mentionem
565 3305 752 3382 invenimus
775 3305 808 3368 in
832 3306 921 3390 cujus
944 3301 1104 3367 auditorio
1120 3302 1179 3368 Di-

118 3433 179 3476 vus
201 3409 335 3490 Paulus,
365 3414 418 3498 qui
446 3409 500 3476 diu
530 3407 649 3496 Ephesi
677 3408 876 3487 versabatur,
906 3409 1095 3474 concionem
1125 3405 1179 3469 ha·

118 3511 228 3580 buisse
251 3513 385 3580 traditur
401 3515 457 3594 ¹²).

209 3618 421 3704 Quantopere
442 3639 520 3683 vero
543 3617 619 3683 inde
643 3615 683 3682 ab
707 3617 755 3682 his
778 3613 975 3702 temporibus
999 3627 1032 3682 et
1053 3616 1177 3682 litterae

191 3801 227 3868 9)
245 3807 325 3856 Febr.
343 3808 392 3872 lx,
410 3805 472 3858 322.
545 3803 596 3873 lo)
613 3811 700 3859 Aetas
718 3820 751 3858 ex
763 3806 825 3858 libri
844 3803 954 3872 ejusde
973 3807 1044 3856 hello
1056 3803 1177 3854 Marsico

118 3885 163 3956 (5.
182 3890 210 3958 2,
231 3905 257 3942 a.
269 3887 312 3955 v)
330 3893 478 3960 mentione,
497 3907 558 3945 cum
571 3895 724 3962 strabonis,
743 3893 787 3958 qui
806 3906 867 3944 eum
884 3895 988 3954 laudet,
1006 3894 1098 3942 aetate
1116 3890 1177 3940 col-

118 3977 177 4028 lata
195 3978 379 4030 constituitur.
454 3978 502 4044 ll)
522 3983 611 4032 Strub.
630 3979 691 4032 611.
730 3977 836 4032 Τῶνπὸὲ
858 3977 989 4049 νεωτέρων
1005 3973 1178 4046 Ἀλέξανδρος

35 4065 43 4076 ‘
117 4057 206 4132 ρἡωρ
225 4060 240 4114 ὖ
260 4065 305 4115 καὶ
322 4060 427 4130 Λύχνος
447 4069 681 4150 npoonyppwllric,
702 4060 732 4124 ὃς
744 4067 788 4116 καὶ
800 4064 996 4117 ἐπολιτεύσατο.
1053 4059 1102 4128 lt)
1116 4065 1177 4114 set.

118 4153 171 4212 Ap.
190 4151 264 4216 xix,
286 4147 327 4200 19.
