2866 4736
1032 243 1169 332 'or

118 436 180 502 bus
196 436 352 502 delectum
370 439 511 517 instituit,
528 460 609 525 quos
625 435 814 518 ἐσικλητοὺς
828 443 986 508 vocabant
997 446 1048 525 ⁴⁰).
1079 444 1172 530 Quae

118 565 191 624 cum
214 545 257 607 ita
279 545 350 622 sint,
372 542 629 628 verisimillimum
660 555 721 622 est,
745 545 904 630 Ephesum
934 548 975 611 ad
1001 570 1054 612 eas
1076 549 1172 614 urbes

116 648 310 731 pertinuisse
333 668 422 732 quae,
444 642 537 732 quum
561 649 750 726 Demetrius,
776 649 988 715 Macedoniae
1009 674 1111 739 regno
1140 664 1172 718 et

118 759 277 836 occupato
295 751 343 828 ⁴¹)
367 760 399 814 et
422 753 536 815 amisso
555 753 611 831 Ν),
634 756 666 816 iu
682 752 788 815 Asiam
803 775 910 818 rursus
926 757 1106 841 trajecisset,
1130 756 1171 820 ad

118 855 205 918 hunc
227 862 354 940 sponte*
365 852 551 918 defecerunt
566 856 630 934 43);
655 859 840 940 praesertim
856 879 950 943 quum
965 859 1170 944 Lysimachus

118 960 152 1022 in
177 959 309 1043 Europa
331 967 396 1022 tum
419 961 571 1044 temporis
594 969 772 1042 versaretur
795 964 842 1039 (a.
865 963 961 1041 287).

207 1063 291 1126 Utut
311 1063 389 1126 vero
413 1071 474 1140 est,
504 1065 571 1126 sive
600 1073 714 1148 sponte
743 1063 783 1126 ad
806 1065 1001 1128 Demetrium
1025 1067 1170 1152 Ephesus
1199 1098 1204 1108 ·

119 1165 281 1243 defecerit,
304 1167 371 1228 sive
393 1169 425 1252 vi
448 1175 539 1252 capta
555 1165 656 1245 luerit,
680 1189 747 1231 eam
763 1170 795 1231 in
811 1176 971 1254 potestate
990 1171 1058 1254 ejus
1073 1170 1169 1238 fuisse

117 1280 205 1334 certe
235 1277 369 1334 constat
425 1270 532 1354 Quum
565 1291 657 1347 vero,
687 1271 789 1355 Lydia
818 1281 951 1356 propter
979 1271 1170 1359 Agathoclis,

116 1373 299 1461 Lysimachi
313 1371 371 1435 filii
387 1393 549 1437 successus
564 1372 681 1449 relicta,
699 1377 732 1436 in
748 1375 920 1462 Phrygiam
940 1380 1094 1455 transiret,
1111 1381 1170 1440 Ae-

62 1522 70 1530 ·
115 1461 233 1544 netum'
251 1477 368 1562 Ephesi
390 1477 583 1561 praelectum
606 1480 784 1556 constituit,
813 1483 866 1563 qui
895 1481 1064 1564 piratarum
1087 1485 1171 1544 auxi-

116 1581 162 1647 lio
186 1581 298 1645 urbem
327 1584 429 1644 tenuit
444 1567 510 1662 ⁴⁴),
536 1579 641 1644 donec
662 1581 771 1665 Lycus
792 1583 972 1666 Lysimachi
995 1583 1058 1647 dux·
1080 1584 1170 1647 Man-

117 1686 229 1750 dranis
252 1684 459 1769 archipiratae
481 1683 664 1770 proditione
688 1683 813 1769 adjutus
829 1707 866 1748 ea
887 1689 1008 1771 potitus
1032 1697 1080 1750 est
1096 1689 1153 1767 ⁴⁵).

204 1788 411 1880 Lysimachus
440 1799 645 1873 recuperatae
674 1787 797 1852 loniae‘
813 1792 976 1874 imperium
1000 1791 1169 1879 Agathocli

116 1893 189 1958 filio
211 1891 347 1969 tradidit,
371 1913 462 1976 quem
486 1913 580 1977 quum
601 1891 696 1956 valde
718 1891 902 1957 dilexissent
916 1894 1032 1959 Graeci
1055 1895 1168 1960 caedes

119 1999 190 2082 ejus
205 1998 309 2076 (284)
325 1997 373 2076 ⁴⁶)
390 2005 422 2060 et
437 1995 553 2074 odium,
568 2015 632 2080 quo
649 1995 805 2081 Ephesios
821 2008 932 2068 contra
947 1999 1167 2084 Lysimachum

43 2129 45 2134 ·
115 2099 325 2164 inflammatos
347 2099 497 2177 vidimus,
519 2119 716 2186 magnopere
738 2103 835 2178 auxit,
852 2113 899 2185 ,et
913 2106 1020 2188 ¹prima
1042 2103 1168 2167 videtur

115 2225 211 2268 causa
235 2203 341 2280 fuisse,
364 2224 424 2286 qua
445 2205 506 2287 jam
530 2212 594 2265 tum
625 2202 665 2266 ad
694 2203 876 2282 Seleucum,
907 2209 1026 2290 quippe
1049 2209 1104 2290 qui
1123 2209 1167 2268 vi-

116 2307 210 2371 duam
234 2303 419 2394 Agathoclis
442 2314 475 2368 ct
495 2304 633 2368 infantes
648 2305 789 2392 benigne
807 2309 989 2391 excepisset,
1012 2309 1167 2394 Ephesio·
1273 2313 1280 2329 ⁸

107 2423 183 2476 'rum
208 2413 302 2475 animi
318 2411 461 2492 converti
477 2417 571 2495 atque
590 2403 837 2488 σελευκιζόντων
859 2409 1014 2474 factiones
1035 2415 1069 2476 in
1087 2412 1166 2477 urbe

111 2704 304 2784 Lysimachus.
362 2749 370 2764 ‚
391 2700 443 2768 40)
463 2707 551 2758 strab.
570 2705 644 2776 xlv,
663 2708 682 2757 l.
701 2706 719 2758 i.
737 2709 756 2758 l.
776 2705 914 2776 ἰννικλητῶν
933 2712 1065 2774 umquam
1083 2709 1165 2762 insti·

113 2791 167 2843 tuti
180 2788 240 2856 jam
255 2786 315 2855 jam
332 2793 473 2854 praeteriti
496 2794 658 2846 mentionem
684 2795 763 2858 iacit3
788 2797 857 2858 quod
879 2799 956 2846 recte
975 2791 1033 2860 jam
1052 2797 1166 2861 agnovit

113 2877 253 2928 Tittmann
271 2879 432 2928 staatsverf.
451 2873 503 2943 (ct.
523 2873 547 2946 §.
567 2870 637 2942 ru).
684 2880 875 2943 Lysimachum
894 2885 994 2950 autem,
1014 2883 1079 2934 licet
1096 2897 1164 2934 nus-

112 2977 191 3026 quam
211 2963 313 3014 diserte
331 2965 382 3014 hoc
399 2965 524 3014 traditum
544 2965 589 3030 sit,
608 2965 760 3031 ἒπικλητούς
782 2967 933 3026 instituisse
951 2969 1009 3019 veri
1028 2982 1105 3032 quam
1124 2969 1165 3018 si-

112 3047 252 3100 millimum
272 3052 324 3100 est.
343 3047 385 3100 Of.
403 3049 530 3112 Droysen
548 3065 575 3112 p.
593 3049 654 3101 609.
725 3047 777 3114 al)
796 3053 865 3102 Plut.
884 3054 1003 3104 Demetr.
1023 3067 1047 3102 c.
1066 3051 1110 3102 37.
1128 3077 1164 3088 -

112 3118 305 3200 lustin.XV1,
324 3132 349 3185 1.
367 3159 403 3171 -
420 3137 557 3196 Droysen.
576 3149 602 3197 p.
620 3133 674 3186 294
691 3150 730 3185 ss.
818 3125 870 3198 42)
892 3139 962 3186 Plnt.
981 3138 1056 3186 Dem.
1075 3149 1100 3185 c.
1119 3135 1163 3187 45.

112 3243 150 3256 -
168 3222 208 3270 ld.
226 3221 323 3283 Pyrrh.
342 3233 366 3271 o.
386 3218 429 3270 11.
446 3244 484 3256 -
503 3216 601 3284 (cunt.
620 3222 683 3271 fast.
702 3223 766 3271 hell.
784 3220 833 3286 ΙΙΙ,
851 3217 912 3271 307.
931 3235 974 3284 ap.
986 3223 1087 3284 Droys.
1105 3223 1124 3271 l.
1144 3223 1181 3272 1.-

112 3300 168 3372 43)
186 3304 344 3374 Λυσιμάχου
362 3307 469 3376 Καρίαν
487 3307 532 3358 καὶ
555 3301 659 3358 >ludina
683 3301 838 3374 ἀποστήσων
861 3339 931 3357 ....
951 3309 993 3358 aaa
1010 3305 1059 3365 τὰς
1077 3302 1164 3364 πόλεις

112 3396 238 3461 τρέπεται
256 3377 357 3443 nolitia
374 3397 421 3462 μὲν
443 3394 566 3451 ἑκουσίως
589 3395 814 3462 προστιθεμένων,
837 3390 936 3450 πολλὰς
958 3394 985 3444 δὲ
1008 3393 1052 3444 καὶ
1074 3391 1165 3458 βιαζὸ·

111 3495 191 3548 μενος
208 3477 280 3528 rma.
299 3479 375 3529 Deru.
388 3485 426 3528 ‘ca
437 3475 482 3528 46.
552 3477 604 3542 44)
623 3480 754 3542 Polyaen.
767 3481 851 3530 strat
864 3481 913 3546 lv,
930 3478 971 3529 17.
1041 3473 1094 3544 45)
1107 3481 1163 3532 Po-

110 3565 206 3628 lyaen.
224 3565 243 3614 1.
262 3566 282 3614 Ι.
307 3587 344 3600 -
370 3565 492 3615 litantia.
516 3568 637 3628 Strateg.
658 3565 712 3632 111,
730 3562 762 3632 3,
782 3563 807 3615 i.
833 3565 1011 3627 nyslmaenus
1028 3589 1065 3602 -
1083 3579 1163 3629 quun

111 3647 248 3714 tipheama
265 3655 436 3714 oppugnaret
453 3654 482 3702 et
497 3651 539 3702 illi
556 3651 583 3701 in
608 3651 710 3701 armilla
732 3653 863 3702 haherent
878 3654 1054 3714 Mandronem
1073 3653 1164 3703 mehi-

110 3736 229 3799 piratam
246 3760 283 3772 -
300 3716 429 3800 eanupm
448 3737 474 3788 ei
492 3739 524 3788 ad
544 3737 722 3799 proditionem
741 3733 832 3802 junxit
849 3737 1013 3789 fortissimos
1031 3740 1163 3788 Macedo-

111 3835 185 3890 num,
200 3821 329 3886 quos‘ille
346 3823 482 3874 restrictis
498 3823 621 3874 manibus
638 3836 689 3885 pro
708 3823 824 3886 captivis
834 3825 966 3886 Ephesum
978 3824 1164 3874 introduceret

111 3911 179 3959 cett.
191 3931 227 3946 -
239 3909 320 3960 Aliud
334 3913 511 3978 stratagema,
530 3911 558 3961 in
570 3909 665 3961 nescio
683 3923 736 3973 qua
748 3909 847 3972 Ephesi
861 3909 1063 3974 oppugnatione
1080 3921 1163 3962 usar-

109 3997 205 4057 patum
222 3998 349 4047 narratur
371 4009 415 4059 ap.
439 3997 559 4046 Aeaeam
582 3996 725 4048 'scoticum
748 3997 853 4064 XXXI,
876 4011 902 4060 p.
916 3995 964 4048 ,gg
983 3999 1027 4048 ed.
1046 3993 1162 4050 casaub.

110 4075 165 4144 46)
182 4082 311 4137 Memnon
329 4095 373 4147 ap.
391 4082 468 4133 Phot.
487 4083 507 4132 1.
524 4085 543 4134 Ι.
563 4095 607 4146 ap.
621 4083 722 4146 Droys.
