2916 4722
1035 287 1038 292 ⁵
1129 339 1198 412 137

141 521 228 586 eninr
258 517 453 605 Cercopum,
484 521 551 582 sive
575 519 675 584 Theia
693 520 758 601 46),
781 523 849 586 sive
871 521 1054 586 Memnonis
1070 523 1118 600 47)
1141 541 1199 588 seu

141 623 284 708 denique
300 621 448 708 Cercope
468 620 626 707 appellata
642 623 737 693 fuerit
752 625 809 704 48),
832 628 949 712 quippe
971 647 1051 710 quae
1074 626 1200 690 Oceani

140 726 212 790 filia
228 725 353 790 dicatur
366 727 423 804 49),
445 729 595 790 marinam
612 713 795 814 Cercopurir
809 741 952 793 naturam
967 728 1109 792 indicare
1123 729 1200 793 mihi

140 829 284 905 videtum
303 850 434 914 eamque
446 849 565 893 nomen
578 853 707 917 quoque
725 823 921 917 comprobat,
939 829 1166 917 proculdubio
1181 854 1200 896 a

140 935 245 1019 κέρκω
257 935 324 997 sive
346 936 446 1020 κρέκω
461 931 668 1000 derivandum
686 937 735 1014 ⁵⁰),
752 955 816 1019 quo
832 956 960 998 raucum
975 937 1067 998 maris
1091 933 1200 1022 appel-

141 1035 239 1100 lentis
253 1038 391 1100 sonitum
405 1035 604 1123 designatum
617 1059 734 1103 censeo
749 1039 799 1119 Μ).
823 1036 977 1102 Hercules
990 1047 1093 1102 autem
1107 1060 1199 1123 quam

142 1139 327 1224 frequentes
352 1161 420 1203 oum
444 1143 570 1204 marinis
594 1141 800 1206 daemonibus
827 1162 951 1228 pugnas
973 1140 1125 1220 habuerit,
1148 1144 1199 1206 vix

140 1241 338 1307 monendum
355 1251 403 1306 est
419 1243 482 1323 59);
505 1244 584 1309 nihil
600 1249 697 1334 igitur
711 1243 897 1323 mirandum,
919 1245 971 1308 hie
986 1265 1113 1330 quoque
1129 1267 1199 1309 cum

142 1344 302 1428 ejusmodi
331 1345 542 1412 daemonibus
569 1372 638 1414 eum
662 1371 838 1437 pugnasse.
891 1349 995 1434 Atque
1017 1350 1198 1412 universum

141 1449 303 1534 Ephesiae
326 1460 459 1516 tractum
481 1457 559 1518 mari
582 1463 724 1540 ereptum
747 1454 846 1518 fuisse
868 1450 1008 1537 solique,
1030 1460 1066 1515 nt
1087 1453 1130 1516 ita
1154 1450 1200 1516 di-

142 1573 222 1630 cam,
242 1551 409 1634 redditum,
432 1579 527 1642 quum
550 1560 637 1621 sinus
659 1560 751 1620 maris
778 1566 871 1620 antea
894 1555 997 1632 fucrit,
1019 1577 1113 1642 supra
1135 1559 1198 1642 jam

140 1654 279 1721 vidimus
302 1681 327 1722 c.
351 1659 425 1744 1,§.
449 1663 488 1737 2,
502 1682 533 1724 n.
557 1663 587 1724 4.
633 1659 788 1725 Hercules
810 1661 919 1746 igitur,
950 1660 1045 1723 heros
1075 1659 1198 1738 solaris,

139 1763 236 1824 maris
258 1763 335 1839 vim,
364 1764 423 1828 sub
453 1763 643 1828 daemonum
672 1766 865 1828 marinorum
889 1765 996 1848 specie
1020 1785 1198 1851 expressam

140 1863 269 1942 domat,
291 1867 404 1945 vincit,
433 1867 531 1954 fugat.
594 1867 692 1954 Quod
720 1890 811 1954 quam
841 1866 957 1930 diserte
980 1867 1049 1952 ipse
1071 1869 1198 1952 mythus

140 1969 303 2053 exprimat,
324 1971 386 2055 jaro
409 1970 580 2036 videamus.
626 1972 732 2036 Mater
754 1969 955 2056 Cercopibus
982 1981 1198 2056 praeceperat,

138 2081 178 2134 ut
201 2092 271 2135 eum
294 2074 442 2137 timerent
463 2084 559 2160 atque
588 2085 752 2154 caverent,
780 2097 872 2160 quem
901 2078 1027 2162 nigrum
1050 2073 1198 2160 podicem

139 2174 260 2238 babere
282 2176 508 2264 intelligerent.
554 2177 619 2263 Qui
643 2201 736 2264 quum
757 2177 927 2242 Herculem
950 2177 1121 2262 aliquando
1145 2177 1198 2240 de-

138 2280 300 2357 risissent,
322 2279 362 2344 ab
385 2303 425 2346 eo
450 2285 534 2368 capti
557 2289 645 2360 sunt,
674 2290 707 2344 et
728 2283 762 2343 in
784 2279 914 2358 bacillo,
946 2301 1038 2364 quem
1060 2281 1198 2342 humeris

139 2381 296 2467 gestabat,
321 2387 469 2469 appensi,
491 2387 535 2448 ita
556 2394 593 2449 ut
615 2387 718 2469 capita
740 2393 855 2447 terram
877 2404 988 2446 versus
1010 2381 1197 2467 penderent,

139 2488 246 2550 statim
262 2486 449 2575 intelligunt
463 2487 641 2566 Herculem,
664 2489 718 2572 qui
733 2480 960 2570 Μελάμπυγός
976 2497 1051 2565 erat,
1072 2487 1196 2572 nigrum

139 2589 290 2675 podicem
313 2591 430 2656 habere
459 2601 555 2678 atque
583 2595 618 2655 in
645 2590 862 2655 inexhaustum
891 2593 989 2654 risum
1019 2599 1197 2676 erumpunt.

140 2692 220 2776 Quo
237 2703 268 2758 et
281 2698 350 2780 ipse
365 2694 519 2760 Hercules
539 2695 672 2759 affectus
688 2693 807 2757 liberos
830 2715 887 2758 eos
905 2692 1021 2758 dimisit
1036 2695 1093 2775 53).
1129 2694 1196 2758 Sub

138 2800 236 2884 nigro
259 2797 377 2885 podice
399 2808 514 2864 terram
538 2821 687 2877 crassam,
716 2800 839 2884 nigram
869 2807 901 2862 et
926 2796 1198 2863 fertilem‘intelli-

137 2901 279 2990 gendam
309 2924 378 2967 esse
409 2902 554 2968 Gerhard
583 2906 645 2989 jam
676 2900 897 2966 animadvertit
919 2903 982 2983 54);
1018 2902 1071 2966 hic
1102 2904 1198 2988 igitur

138 3003 248 3090 podex
268 3007 369 3092 niger,
391 3006 471 3070 haee
492 3017 574 3071 terra
598 3009 697 3092 nigra,
721 3005 928 3070 daemonibus
952 3009 1080 3069 marinis
1105 3027 1196 3088 quam

138 3111 273 3172 maxime
295 3109 466 3173 metuenda
490 3118 546 3188 est,
569 3130 649 3193 quae
672 3108 729 3171 ubi
751 3117 911 3191 appareat,
937 3109 999 3190 ipsi
1020 3109 1196 3184 vincuntur,

140 3210 301 3298 fugantur,
325 3221 527 3278 evanescunt.
574 3211 682 3296 Quum
703 3231 783 3312 vero
805 3213 898 3274 maris
913 3210 970 3288 vis,
992 3207 1069 3272 licet
1090 3211 1197 3274 vinca-

210 3474 263 3543 46)
281 3481 386 3532 zenob.
405 3483 439 3549 V,
462 3480 503 3532 10.
574 3474 628 3545 41)
647 3480 721 3532 sind.
740 3481 793 3531 1.1.
866 3471 918 3542 te)
937 3479 1025 3540 Etym.
1038 3479 1115 3542 Mgn.
1133 3474 1196 3546 506,

136 3561 184 3615 21.
203 3566 317 3617 Bekker.
394 3563 447 3634 49)
466 3569 570 3622 zenon.
587 3569 637 3618 1.1.
709 3560 762 3630 50)
781 3565 872 3635 Κίρκω
891 3569 1032 3634 mpero.
1052 3565 1094 3616 Gi.
1112 3566 1197 3617 Lexi-

138 3663 218 3714 eogr.
235 3667 259 3701 s.
271 3667 298 3701 v.
381 3650 434 3718 51)
457 3657 665 3706 Forchhamnrer
682 3653 754 3702 Heli·
777 3653 805 3720 1,
829 3647 864 3702 49
888 3665 926 3702 ss.
946 3651 979 3702 de
1003 3652 1087 3715 pluvii
1105 3653 1197 3702 sonitu

137 3735 278 3788 intellexit
293 3736 485 3804 conectunt,
497 3755 584 3792 meam
598 3742 688 3791 mrtem
700 3737 874 3804 sententiam,
894 3751 946 3801 qua
962 3739 995 3788 ad
1007 3751 1083 3788 mare
1102 3751 1196 3788 vocem

136 3821 219 3872 istam
236 3823 342 3891 rettuli,
362 3830 472 3888 praeter
485 3840 528 3894 ea,
544 3832 715 3890 quae·supro
733 3824 796 3889 dixi,
816 3825 992 3886 comprobare
1010 3823 1073 3874 mihi
1092 3823 1198 3874 videtur

138 3906 307 3976 Κερκηῒς,
325 3923 394 3974 quae
414 3913 517 3964 oceani
542 3910 598 3964 filia
622 3915 665 3963 est
680 3925 731 3974 ap.
754 3913 821 3962 Hes.
843 3913 946 3974 Theog.
965 3924 991 3958 v.
1011 3907 1072 3959 355.
1144 3902 1197 3973 52)

137 3995 222 4047 cern.
241 3997 261 4046 1.
280 3997 300 4046 1.
318 4011 345 4058 p.
365 3994 506 4049 94-114.
619 3993 672 4063 53)
692 3997 812 4064 Dioclen,
831 3997 932 4064 Apoll,
952 3997 998 4046 all.
1017 3997 1046 4046 11.
1065 4009 1149 4060 supra
1165 3997 1197 4046 11.

136 4076 193 4148 54)
211 4084 251 4134 lt.
269 4097 296 4146 p.
315 4080 351 4133 92
369 4083 488 4150 „Dieser
505 4087 698 4148 Melampygos
715 4097 776 4134 wer
794 4083 822 4133 in
841 4081 1020 4136 nieratiscner
1034 4082 1198 4136 Redeweiso

136 4170 189 4219 der
207 4168 331 4222 (tottheit
350 4152 509 4221 sohuurzer
527 4171 671 4222 Erdmaoht
689 4161 908 4234 vorgteicnbax“.
1169 4170 1177 4177 '
