2916 4722
1062 239 1067 246 ’
1128 259 1196 332 121

233 441 401 505 Praeterea
439 449 544 504 autem
582 440 702 528 Apollo
741 442 952 507 Embasius
990 449 1197 511 veneratione

47 569 55 588 ·
141 544 267 631 Ephesi
288 543 450 632 gaudebat
467 545 528 623 ¹³),
551 565 642 629 quem
674 548 699 608 si
722 567 781 631 pro
805 541 931 610 navium
955 556 1048 633 atque
1071 554 1199 638 naviga-

141 651 243 712 tionis
266 646 392 712 fautore
415 649 593 732 accipimus,
617 670 687 712 cum
704 649 807 713 Diana
824 651 915 713 lllun
925 652 1045 736 ychia
1069 673 1198 738 compo·
1244 659 1248 664 '

140 772 222 816 nere
244 773 428 836 possumus,
461 773 541 836 quae
572 761 604 816 et
634 754 704 836 ipsa
732 755 766 815 in
790 754 926 838 Ephesia
956 753 1123 819 colebatur
1140 757 1197 834 ¹⁴).

139 856 299 933 Ntratdr
328 853 465 940 denique
488 853 609 939 Apollo
640 839 758 940 Ephesi
787 858 820 918 in
850 855 924 920 luco
954 858 1092 945 Ortygia
1123 869 1199 943 post

140 959 329 1024 interlectos
354 957 519 1043 Cyclopas
541 960 634 1022 Jovis
657 961 734 1022 iram
756 961 905 1024 vitavisse
923 961 978 1040 l⁵).
1012 999 1051 1010 -
1082 963 1119 1025 ln
1142 983 1199 1026 nu-

140 1065 201 1126 mis
230 1061 350 1134 nudum
380 1061 536 1147 lauroque
566 1071 752 1128 coronatum
776 1073 996 1149 expresserunt
1013 1065 1059 1144 16)
1092 1074 1124 1128 et
1152 1088 1199 1130 se-

141 1164 282 1230 eundum
312 1167 387 1229 anni
415 1187 555 1230 mensem
590 1163 630 1229 de
659 1186 699 1230 eo
728 1165 965 1252 Apellaeum
997 1171 1199 1234 nominarunt

141 1269 276 1355 Ephesii
295 1271 348 1350 ¹⁷).

562 1509 632 1629 ru.
680 1509 781 1592 mu

233 1698 373 1760 Panem
399 1715 435 1760 ea
458 1706 577 1760 tantum
598 1700 723 1762 ratione
745 1694 897 1760 hocloco
913 1695 1112 1762 referendum
1129 1717 1200 1761 cen·

142 1805 202 1880 sui,
225 1799 321 1886 quod,
344 1821 439 1885 quum
456 1822 492 1864 ex
510 1799 652 1864 Arcadia
668 1811 700 1864 et
716 1799 853 1864 colonos
870 1801 1028 1886 Ephesios
1044 1803 1077 1864 in
1093 1801 1198 1864 Asiam

142 1908 307 1970 transiisse
337 1913 369 1968 et
390 1904 527 1968 Dianam
556 1913 696 1969 nostram
726 1905 789 1969 hue
818 1903 953 1968 delatam
985 1905 1082 1970 luisse
1104 1927 1199 1991 supra

87 2059 98 2068 .
142 2009 314 2095 probatum
337 2007 439 2087 fuerit,
462 2008 554 2072 lacile
571 2012 639 2095 quis
654 2011 791 2087 miretur,
813 2011 908 2073 Panis
924 2031 1019 2086 sacra,
1042 2011 1096 2093 qui
1119 2015 1200 2072 sum-

141 2134 213 2178 mus
236 2112 303 2176 lere
319 2121 413 2197 atque
436 2113 669 2198 antiquissimus
687 2111 840 2177 Arcadiae
856 2115 945 2177 Deus
968 2113 1136 2192 luerit'¹⁸),
1159 2112 1199 2174 ab

142 2217 292 2303 Ephesiis
315 2215 410 2302 plane
432 2215 579 2302 neglecta
607 2215 713 2280 fuisse.
775 2217 910 2280 Diversa
934 2225 1038 2279 autem
1058 2196 1220 2300 regionis³

96 2395 109 2410 l
143 2321 327 2408 Ephesinae
357 2329 482 2398 natura,
512 2322 652 2404 quamvis
675 2329 808 2398 tantam,
831 2329 978 2404 quantam
1001 2321 1034 2382 in
1057 2316 1200 2398 Arcadia,

142 2427 385 2490 venerationem
416 2424 507 2488 Deus
538 2423 593 2488 ille
623 2423 708 2508 apud
732 2425 890 2510 Ephesios
914 2422 1060 2487 obtinere
1082 2443 1200 2508 nequa-

143 2551 238 2616 quam
267 2529 422 2614 potuerit,
452 2526 553 2591 cultus
589 2537 694 2592 tamen
722 2530 788 2614 ejus
817 2529 952 2614 vestigia
980 2527 1100 2613 Ephesi
1132 2547 1201 2591 non

143 2635 278 2698 omnino
295 2631 419 2695 desunt.
464 2631 640 2718 Syringa
664 2635 756 2709 euim,
778 2632 950 2718 nympham
964 2613 1134 2717 Ephesiam
1151 2631 1201 2710 ¹⁹),

144 2757 267 2801 amasse
291 2743 442 2812 narratur,
466 2755 597 2819 eamque
619 2737 652 2798 iu
666 2735 855 2800 arundinem
871 2745 1020 2799 mutatam
1042 2744 1132 2799 tanto
1148 2733 1201 2798 vel

47 2890 53 2895 .
144 2852 212 2904 tum
242 2861 369 2924 quoque
398 2859 506 2902 amore
534 2839 716 2924 complexus
740 2839 852 2918 luisse,
881 2849 932 2918 ut,
961 2861 1002 2902 ue
1031 2848 1117 2903 tactu
1147 2851 1201 2902 aut

144 2943 267 3008 osculis
296 2944 427 3029 virginis
455 2951 593 3006 mutatae
623 2953 758 3020 careret,
787 2942 925 3006 calamos
954 2945 1091 3028 junxerit
1114 2945 1201 3006 etin

143 3159 235 3208 forma
253 3156 384 3224 Thallam,
403 3155 518 3208 flersaei
536 3151 618 3205 liliam
637 3153 799 3217 compressit
821 3154 919 3204 iiomii.
939 3150 1022 3203 Clam.
1042 3155 1083 3220 V,
1104 3150 1146 3203 13.
1166 3180 1199 3189 -

144 3244 290 3295 'iischbein
310 3245 475 3307 vasengem.
489 3241 524 3309 11,
543 3238 579 3290 16
598 3235 710 3306 (Maeli.
729 3241 762 3290 1).
775 3245 806 3292 A.
820 3243 853 3292 Κ.
868 3242 903 3302 il,
922 3237 949 3306 3,
964 3234 1018 3303 47)
1037 3239 1091 3307 uti,
1105 3251 1200 3302 quam·
1288 3238 1290 3242 ’

144 3330 190 3381 vis
211 3328 337 3382 ΘΑΛΙΑ
355 3328 520 3392 adscriptum
538 3328 588 3396 sit,
607 3331 703 3388 iorem
722 3327 856 3391 Aeginam
878 3326 1031 3388 rapientem
1049 3337 1201 3390 agnoscere

144 3405 199 3466 sihi
217 3414 294 3465 visus
312 3418 355 3466 est
372 3416 531 3466 Muellerus.
640 3408 691 3478 13)
715 3415 817 3464 iiolrhel
839 3415 872 3464 D.
891 3415 923 3462 N.
942 3414 977 3478 11,
998 3409 1050 3462 616
1065 3407 1201 3464 Ἀπόλλων

141 3494 432 3570 ἘμβάσιοςἘφεσιωι·.
469 3499 511 3551 (11.
530 3503 656 3564 apollon.
675 3501 760 3551 Rhod.
779 3503 881 3564 Argon.
900 3501 927 3565 I,
948 3496 1025 3550 1186.
1057 3525 1086 3535 -
1120 3499 1201 3549 Paua.

144 3589 188 3652 11,
211 3585 262 3653 32,
287 3585 313 3636 2.
421 3583 472 3652 14)
495 3587 582 3638 Diana
605 3586 753 3650 Munychias
777 3583 821 3650 (in
845 3592 925 3649 portu
943 3585 1202 3638 Athennnrm‘culta

144 3673 229 3723 Pane.
248 3674 271 3739 1,
293 3669 318 3738 1,
337 3669 371 3734 l)
394 3673 518 3738 Pygelae
542 3675 669 3736 templum
692 3672 784 3724 hahuit
806 3673 833 3722 in
856 3675 922 3723 rute
947 3672 1088 3735 Ephesiae.
1112 3673 1201 3722 strab.

145 3775 174 3822 p.
193 3756 256 3810 639.
356 3753 408 3822 15)
427 3758 513 3809 Tacit.
532 3763 600 3810 Anu.
619 3762 638 3810 l.
657 3761 675 3810 1.
777 3754 827 3824 16)
845 3759 947 3810 Mionn.
971 3761 1024 3823 lli,
1047 3757 1113 3820 2053
1140 3769 1202 3806 eum

145 3846 235 3899 Diana
258 3842 421 3910 conjunctus
439 3849 483 3896 est
499 3846 534 3896 ib.
548 3845 610 3897 151.
683 3843 732 3908 17)
746 3844 923 3896 collectanea
940 3845 1001 3896 hist.
1016 3847 1050 3895 de
1068 3843 1125 3894 vita
1136 3843 1201 3893 Ari-

146 3931 227 3983 stidis
245 3947 272 3996 p.
291 3931 380 3982 xciii
398 3929 459 3996 (ap.
478 3932 599 3982 Diodori.
607 3929 626 3995 ).
711 3926 765 3995 18)
784 3931 865 3982 Paus.
885 3933 964 3998 vill,
983 3928 1028 3998 24,
1048 3927 1074 3980 l.
1109 3927 1155 3996 26,
1173 3929 1201 3980 2.

145 4016 193 4082 36,
213 4016 238 4068 7.
272 4015 384 4094 67,11.
420 4015 470 4083 38,
490 4017 514 4067 5.
551 4016 602 4084 54,
622 4017 646 4066 4.
756 4016 806 4081 19)
827 4018 927 4080 syrini
958 4017 1066 4080 proprie
1085 4017 1226 4082 nympha'

145 4103 315 4156 Arcadica
337 4109 397 4156 erat
421 4103 498 4156 0vid.
522 4106 587 4156 Met.
607 4106 629 4171 i,
649 4100 709 4156 690.
