2916 4722
269 320 339 394 136

267 502 438 590 explicatis,
460 501 500 566 ad
524 502 748 587 cognationem
771 497 871 577 illam,
900 520 982 584 quae
1008 520 1103 585 quum
1126 453 1253 582 saepius
1276 499 1324 560 in-

266 621 315 674 ter
337 605 474 673 Curetas
498 615 530 670 et
540 606 692 669 Lucinam
714 605 929 668 intercesserit
943 603 1002 682 ³⁷),
1024 605 1107 666 iuter
1129 599 1261 664 eosdem
1285 623 1325 664 ac

266 723 405 777 nostram
428 711 574 788 Dianam,
597 729 679 793 quae
701 710 823 793 etipsa
845 727 905 792 pro
921 707 1042 772 Lucina
1063 703 1171 770 habita
1194 713 1244 768 est
1266 703 1323 786 (ci.

265 816 292 900 §.
315 817 346 893 8,
369 836 399 878 u.
422 813 488 893 ΙΙΙ)
509 810 710 878 intercedere
731 813 883 896 potuerit,
904 812 956 874 vix
978 805 1205 875 recurrendum
1227 818 1287 872 est

498 1027 503 1040 ’
615 1049 674 1130 lll.
730 1045 967 1131 oratoris

352 1235 453 1322 Supra
482 1239 547 1321 jam
575 1234 710 1300 vidimus
739 1233 909 1300 Herculem
943 1237 1026 1298 circa
1056 1232 1216 1319 Ephesum
1250 1255 1324 1298 cum

264 1339 481 1427 Cercopihus,
510 1342 564 1426 qui
591 1339 638 1404 ibi
660 1337 881 1416 versabantur,
907 1358 1068 1426 pugnasse
1091 1357 1212 1422 eosque
1234 1335 1325 1400 devi-

264 1455 333 1509 ctos
356 1455 468 1530 postea
491 1441 652 1507 benevole
681 1441 844 1506 dimisisse.
900 1441 1066 1528 Cercopes
1087 1444 1185 1528 igitur
1210 1462 1228 1503 a
1250 1439 1324 1526 plu·
1440 1446 1445 1454 '

263 1551 349 1612 rimis
372 1550 455 1610 circa
478 1547 639 1632 Ephesum
665 1556 829 1630 ponuntur
857 1544 944 1630 apud
972 1543 1155 1609 Diodorum
1170 1543 1229 1622 ³⁸),
1251 1544 1325 1608 Sui·

265 1652 336 1716 dom
352 1652 416 1729 ³⁹),
438 1651 677 1736 Diogeniauum
693 1651 742 1728 ⁴⁰)
772 1648 951 1712 Zeuobium
966 1649 1031 1728 ⁴¹),
1052 1670 1091 1711 ac
1119 1645 1173 1710 vel
1202 1646 1324 1713 diserte

265 1753 350 1841 opud
366 1757 507 1818 Taetzen
522 1755 571 1833 ⁴²)
586 1753 757 1839 Ephesii
779 1751 992 1838 appellantur.
1035 1751 1102 1835 Qui
1117 1755 1259 1836 quamvis
1273 1774 1324 1817 re

265 1859 398 1921 cautiori
421 1859 603 1919 narratione
618 1866 776 1940 tamquam
797 1854 922 1918 ridiculi
936 1854 1133 1941 joculatores
1154 1865 1209 1919 aut
1230 1879 1323 1942 prae-

265 1959 393 2023 datores
416 1968 590 2044 appareant
605 1959 660 2037 ⁴⁴),
683 1962 716 2022 iu
740 1957 855 2022 fabulis
878 1958 1112 2043 antiquioribus
1141 1967 1248 2023 tamen
1272 1981 1323 2025 ea-

264 2061 337 2126 dem
359 2061 428 2126 lere
449 2064 575 2125 ratione
597 2082 633 2124 se
655 2060 789 2139 habeut,
816 2082 879 2145 qua
902 2063 1048 2140 Titanes,
1076 2061 1193 2148 quihus
1216 2073 1251 2127 et
1272 2086 1325 2128 su-

264 2165 457 2252 prahumaua
485 2164 704 2253 magnitudine
735 2175 768 2230 et
795 2164 928 2230 terribili
957 2165 1093 2251 quadam
1120 2169 1155 2230 vi
1185 2188 1324 2252 aequau-

264 2279 316 2333 tur
331 2270 389 2350 ⁴⁴).
426 2270 547 2335 Eorum
562 2273 653 2334 notio
678 2267 718 2332 ab
734 2267 804 2334 aliis
820 2267 913 2333 aliter
928 2272 1148 2346 constituitur3
1172 2274 1227 2357 qui
1240 2293 1321 2336 vero

263 2375 444 2459 nuperrime
460 2374 500 2438 de
515 2377 553 2438 iis
576 2373 654 2438 dixit
668 2371 717 2436 lll.
733 2371 932 2450 Gerhard,
953 2375 981 2436 is
996 2395 1056 2459 pro
1072 2372 1199 2438 lumiuis
1221 2382 1323 2439 numi·
1393 2360 1397 2372 ¹

263 2475 365 2556 nibus,
388 2487 425 2541 ut
438 2477 574 2557 Helium,
598 2479 657 2555 Eo,
679 2475 836 2554 Salonem,
859 2496 916 2540 eos
931 2478 1125 2562 accepit⁴⁵).
1170 2478 1241 2542 Nos
1257 2499 1320 2563 pro

264 2599 366 2662 aquae
387 2581 575 2658 numinibus,
597 2579 650 2643 vel
676 2583 703 2643 si
728 2581 827 2644 mavis
851 2578 1068 2658 daemonibus,
1090 2601 1148 2644 eos
1163 2584 1321 2668 accipien-

265 2679 325 2744 dos
349 2701 419 2744 esse
440 2684 549 2766 paucis
578 2691 699 2746 tantum
727 2681 950 2762 iudicabimus,
980 2681 1164 2769 ampliorem
1192 2685 1321 2752 haedo

264 2803 299 2847 re
322 2782 572 2869 disputationem
594 2783 648 2847 alii
669 2783 745 2848 loco
768 2794 977 2849 reservantes.

352 2888 444 2948 Hanc
465 2905 543 2949 vero
567 2888 763 2964 sententiam,
786 2896 822 2952 ut
845 2885 1028 2974 Cercopum
1052 2893 1168 2978 genus,
1192 2911 1320 2971 nomeu,

264 2987 405 3073 mythos,
427 2991 474 3052 sic
496 3009 625 3074 quoque
647 2998 759 3054 natura
782 2989 845 3055 soli
872 3012 982 3057 eorum
1004 2993 1150 3060 locorum
1173 3016 1321 3082 compro-

264 3091 328 3172 bat,
350 3092 405 3158 uhi
429 3091 594 3178 Cercopes
618 3091 725 3160 sedem
748 3093 897 3164 habuisse
920 3096 1125 3164 affirmantur.
1149 3137 1190 3154 -
1214 3100 1323 3166 Mater

334 3358 388 3430 37)
406 3366 439 3414 Ε.
457 3377 484 3430 g.
503 3367 573 3428 apud
592 3365 758 3416 Messenios:
783 3365 934 3432 Πεπολητυι
959 3367 986 3417 δὲ
1009 3367 1053 3418 καὶ
1070 3368 1224 3426 Εἰλειθυίας
1241 3369 1320 3420 Mao-

265 3449 360 3513 σηυλοις
378 3447 440 3506 νυὸς
458 3450 503 3499 καλ
520 3445 625 3520 ἄγαλμα
643 3451 733 3502 λίθου.
752 3451 862 3514 πλησίον
885 3453 912 3502 δὲ
934 3447 1079 3522 Κουρήτων
1100 3455 1214 3522 μέγαρον
1235 3454 1321 3504 Pauo.

265 3533 313 3597 tv,
331 3529 376 3598 3l,
396 3530 422 3582 9.
494 3533 545 3595 38)
565 3537 676 3588 Diodor.
695 3539 743 3604 vl,
761 3535 805 3587 31.
880 3531 934 3600 39)
952 3541 980 3589 S.
999 3553 1024 3588 v.
1041 3531 1141 3608 Ἀγορὰ
1160 3537 1319 3608 Kspxdiroro'

265 3609 342 3666 οὗτοι
359 3618 384 3664 ἐν
399 3609 496 3686 Ἐφέσῳ
515 3613 580 3686 ἦσαν
597 3624 651 3673 κτλ.
759 3617 811 3688 40)
835 3623 963 3673 Proverb.
982 3625 1011 3689 1,
1029 3622 1058 3677 3.
1092 3625 1232 3694 Κέρκωπές
1250 3645 1321 3682 τινες

265 3696 414 3759 ἀπατεῶνες
432 3705 548 3768 lytroten
568 3709 592 3758 lo
609 3700 714 3777 Ἐφέσῳ.
794 3703 848 3772 41)
867 3709 947 3758 l’rov.
964 3709 988 3778 l,
1006 3708 1033 3761 5.
1068 3712 1116 3778 lV,
1136 3709 1180 3761 50.
1265 3707 1320 3777 42)

265 3785 379 3838 ctriliad.
394 3789 431 3850 ll,
450 3787 510 3841 431.
547 3786 633 3843 Κάκεῖ
656 3793 783 3845 δουλεύων
805 3797 851 3862 μὲν
875 3790 908 3857 (ὁ
928 3791 1076 3864 Ἡρακλῆς)
1100 3797 1188 3865 δεσμεῖ
1210 3796 1321 3866 Κέρκω-

266 3892 317 3930 πας
331 3865 475 3942 Ἐφεσίους.
547 3873 599 3944 43)
619 3881 779 3942 Harpocrat.
798 3893 821 3928 s.
840 3893 867 3928 v.
887 3905 918 3916 --
937 3882 1060 3932 Eubulus
1080 3881 1219 3946 Cercopas
1236 3883 1320 3933 sahu-

265 3961 318 4008 lam
337 3959 457 4023 scripsit.
493 3965 589 4013 Athen.
607 3965 643 4030 X,
661 3962 723 4016 417.
759 3965 834 4031 xlii,
853 3961 914 4014 ⁵67.
934 3964 1183 4032 cercopliuripid.
1261 3965 1319 4034 44)

266 4045 386 4095 tierhord
412 4048 519 4098 Anserl.
544 4050 665 4115 Vaseng.
684 4053 727 4118 ΙΙ,
750 4065 775 4114 p.
799 4048 843 4101 90.
861 4047 906 4108 91.
942 4050 1318 4124 creuzersymo.1r,228.

265 4122 318 4194 45)
336 4131 373 4181 lb.
392 4146 418 4198 p.
432 4130 466 4186 92
484 4134 559 4202 „Die
577 4137 722 4200 Kerkopen
742 4135 801 4188 sind
820 4139 936 4190 Gottern
955 4141 1003 4192 des
1020 4140 1114 4192 Lichts
1130 4132 1305 4194 terwandt⁴‘.

847 4355 863 4385 Ι
