2866 4736
279 275 444 346 16ἱ

280 453 467 522 Tschilas
490 454 638 520 Ovassi
659 473 745 518 nunc
767 448 922 538 appellari
950 460 983 516 et
1009 473 1028 515 a
1051 449 1245 537 Caystria'uo
1268 451 1341 518 col-'

277 561 361 625 libus
384 559 524 644 separari
547 555 631 620 dicit.
677 555 760 623 Cum
782 578 860 620 vero
875 555 1016 622 Cilbiani
1037 555 1205 620 inferiores
1228 565 1262 620 et
1283 577 1337 620 su-

277 667 422 752 periores
447 660 680 748 distinguantur
694 660 744 741 33)
767 658 897 724 dubium
921 669 977 736 est,
999 667 1102 746 utrum
1122 659 1185 723 hoo
1212 657 1254 724 de
1277 680 1338 746 op-

277 767 360 853 pidis
384 765 499 830 dictum
523 766 570 842 sit,
594 785 633 826 an
657 761 698 826 de
719 764 920 850 regionibus;
951 765 1052 848 campi
1079 771 1165 828 eerte
1188 761 1335 848 duplices

276 891 345 934 nou
366 878 448 947 sunt,
470 870 713 952 superioresque
737 865 891 945 Cilbiani,
921 869 980 930 etsi
1008 865 1161 951 oppidum
1189 887 1256 932 non
1281 867 1336 930 ha-

195 965 199 972 ’
277 973 423 1050 buerunt,
444 975 478 1035 in
500 969 660 1034 montibus
683 969 832 1034 videntur
854 969 1021 1034 habitasse.
1055 968 1149 1053 Quae
1172 971 1255 1034 circa
1270 993 1336 1036 me·
1422 975 1423 1026 i

276 1074 468 1162 ridionalcs,¹
481 1095 562 1160 quos
585 1073 717 1138 diximus
733 1071 863 1157 Caystri
885 1073 991 1138 fontes
1014 1082 1063 1136 cst
1084 1075 1185 1160 regio,
1207 1072 1335 1150 videtur

270 1171 384 1256 ’Ἀσιος
412 1174 530 1262 λειμών
560 1199 641 1255 esse,
673 1197 766 1261 quem
793 1173 953 1244 Homerus
970 1177 1018 1256 33)
1050 1184 1081 1240 et
1104 1175 1260 1264 Virgilius
1284 1179 1335 1259 ⁴⁰)

277 1285 358 1347 circa
382 1282 552 1368 Caystrum
575 1289 715 1366 ponunt,
738 1300 799 1342 nec
820 1282 923 1344 miuus
945 1279 1125 1365 Stephanus
1141 1280 1198 1360 ⁴¹),
1221 1283 1277 1366 qni
1298 1286 1335 1346 ἐν

274 1387 321 1469 τῷ
343 1385 521 1469 Κελβιανῷ
542 1385 644 1467 πεδίῳ
665 1384 725 1462 τῆς
737 1383 873 1457 Λυδίας
894 1381 990 1461 addit,
1014 1393 1046 1447 ct
1067 1381 1182 1448 Strabo
1199 1384 1255 1464 ⁴²),
1279 1387 1334 1469 qui

275 1491 403 1575 triginta
425 1498 547 1552 tantum
575 1485 684 1552 stadiis
714 1508 732 1548 a
761 1487 854 1571 Nysa
880 1485 960 1550 urbe
988 1508 1084 1572 super
1111 1485 1333 1552 Maeandrium

275 1613 418 1677 campum
441 1594 499 1656 sita
523 1590 640 1655 distare
669 1588 765 1654 tradit
780 1583 894 1655 ’Ἀσιον
915 1589 1058 1673 λειμῶνα
1079 1592 1114 1654 in
1137 1588 1221 1654 clivo
1245 1590 1333 1654 Mes-

174 1697 177 1706 “
275 1695 397 1783 sogidis
421 1695 569 1760 Tmolum
591 1716 702 1758 versus
729 1697 835 1769 situm;
864 1695 927 1778 ipsi
955 1703 1061 1758 tamen
1084 1691 1201 1758 Tmolo
1231 1692 1333 1778 adpo-

273 1801 321 1862 nit
343 1798 427 1862 idem
450 1800 631 1884 Stephanus
653 1797 717 1861 alio
740 1797 815 1872 loco
833 1795 1006 1880 urbemque
1030 1795 1172 1882 ejusdem
1193 1799 1332 1862 nominis

274 1900 363 1964 addit
384 1895 509 1982 (Ἀσία,
530 1896 625 1976 πόλις
638 1901 771 1976 Λυδίας
785 1891 879 1986 παρὰ
898 1899 945 1982 τῷ
965 1895 1123 1984 Τμώλῳ),
1147 1922 1229 1986 quae
1245 1905 1332 1966 certe

274 2005 406 2090 Ephesii
428 2008 578 2069 territorii
599 2026 671 2069 non
690 2014 771 2080 erat;
795 2001 997 2067 concordiam
1013 2012 1119 2068 umen
1140 2026 1210 2068 cum
1225 2005 1333 2090 Ephe-

274 2110 328 2172 siis
351 2111 484 2172 nummis
507 2108 688 2188 celebravit,
710 2127 844 2194 quorum
868 2105 1045 2171 nonnullos
1073 2106 1153 2172 vidit
1173 2107 1331 2178 Arundel-

272 2211 323 2277 lus
340 2212 388 2292 33)
410 2216 444 2276 in
472 2217 548 2278 vico·
575 2216 719 2300 proximo
741 2211 927 2277 Demisch
947 2213 1119 2299 inscriptos
1141 2211 1336 2280 ΑΣΙΕΩΝ

254 2313 504 2388 ,ΟΜΟΝΟΙΑ
525 2313 760 2384 mannum.

361 2419 514 2505 Caystrio
537 2443 649 2507 campo
673 2419 871 2485 occidentem
893 2441 1003 2484 versus
1027 2419 1330 2514 adjacet'planities,

165 2575 169 2588 ,
273 2545 362 2609 quae,
384 2523 608 2588 recedentibus
623 2524 665 2587 ad
679 2527 929 2608 septentrionem
944 2523 1104 2588 montibus
1119 2523 1229 2610 paullo
1247 2525 1330 2592 elata

272 2625 313 2690 ad
336 2626 492 2710 Smyrnae
520 2636 642 2714 tergum
670 2647 771 2710 usque
800 2629 959 2705 excurrit,
977 2631 1066 2714 cujus
1089 2650 1184 2714 quum
1206 2639 1329 2715 partem

273 2726 555 2815 septentrionalem
583 2729 752 2793 verisimile
782 2739 830 2794 est
858 2730 1014 2815 Smyrnae
1042 2731 1210 2820 obtigisse,
1236 2737 1329 2798 meri-

272 2832 410 2897 dionalis
433 2842 526 2910 certe,
549 2835 582 2896 in
605 2854 669 2918 quo
688 2832 880 2919 Metropolis
902 2838 961 2900 sita
984 2845 1040 2914 est,
1061 2834 1103 2899 ad
1118 2837 1328 2922 Ephesiorum

272 2935 426 3002 ditionem
447 2935 636 3020 pertinebat.
682 2935 775 3020 Quos
803 2959 840 3001 ea
871 2961 888 3003 e
911 2939 1086 3018 montibus,
1110 2938 1217 3004 Tmoli
1238 2963 1329 3026 prae-

271 3045 378 3106 sertim
401 3043 637 3126 promontoriis,
660 3043 776 3126 excipit
798 3063 946 3127 aqunmm
961 3047 1056 3124 rivos,
1070 3065 1210 3130 ¹quorum
1234 3047 1328 3110 maxi·

269 3168 338 3210 mus
361 3166 448 3210 nunc
471 3143 647 3208 Trianda
671 3167 714 3234 su
735 3136 881 3225 vocatur,
907 3150 930 3211 ii
952 3169 1155 3236 permagnam
1177 3147 1326 3232 paludem

253 3249 415 3314 -elliciunt
437 3247 478 3312 ad
501 3251 656 3312 orientem
679 3247 917 3336 Metropoleos,
940 3255 1029 3338 cujus
1052 3271 1131 3334 aqua
1154 3253 1228 3311 satis
1251 3273 1327 3336 pro-

270 3417 471 3428 .....—-.-———

256 3513 316 3588 4δίῳ
340 3509 438 3581 μεταξὺ
459 3514 587 3565 πίπτοντι
608 3512 656 3583 τῆς
674 3519 845 3586 Μεοσωγίδος
868 3517 912 3567 καὶ
938 3511 987 3566 τοῦ
1012 3511 1121 3583 Τμώλου
1147 3521 1249 3582 συνεχές
1270 3521 1324 3571 ἐστι

269 3595 335 3667 πρὸς
353 3600 383 3648 ἴω
403 3596 434 3649 τδ
451 3598 594 3664 Κελβιαοὸν
613 3603 713 3665 πεδίον,
733 3603 801 3656 πολύ
823 3621 851 3653 τε
875 3602 920 3652 καὶ
938 3599 1136 3669 συνοικοίμενοί
1154 3594 1191 3664 εὖ,
1210 3604 1255 3653 udal
1269 3603 1334 3670 χώ·-

269 3702 317 3749 ραν
339 3685 396 3748 ἕχον
415 3687 573 3750 σπουδαίαν,
598 3691 686 3739 Strui).
704 3691 782 3756 xm,
805 3685 866 3739 629.
890 3690 925 3738 cf.
942 3690 962 3738 1.
980 3689 999 3737 l.
1022 3688 1123 3739 Leoni!
1145 3689 1269 3740 Dlaconl.
1288 3715 1321 3726 -
1419 3717 1420 3734 r

268 3771 304 3820 nt
323 3769 459 3822 Cilbianos
477 3787 560 3837 agros
579 3775 689 3840 diserte,
707 3766 926 3841 „ephesiorum‘
950 3775 1070 3836 appellat
1089 3775 1196 3826 Vitruv'.
1214 3777 1276 3842 vlt,
1295 3771 1320 3826 8.

269 3848 323 3920 38)
341 3858 409 3908 Ptin.
428 3860 463 3926 V,
481 3857 525 3908 31.
545 3863 572 3910 el
590 3859 689 3911 numml
707 3861 851 3926 Κιλβιανῶν
869 3857 919 3911 τῶν
938 3855 989 3910 ἅνω
1003 3865 1031 3911 el
1042 3858 1093 3912 τῶν
1105 3861 1183 3913 κάτω.
1219 3863 1321 3913 Echhel

268 3942 301 3990 D.
320 3944 352 3991 N.
372 3945 420 4009 111,
439 3959 465 4006 p.
484 3941 526 3995 96.
564 3946 664 3996 sestini
682 3961 708 4009 p.
729 3944 788 3996 107.
858 3941 912 4012 39)
927 3947 960 3996 11.
973 3947 1007 4009 ΙΙ,
1020 3945 1081 3998 461.
1152 3943 1319 4012 40)Georg.

268 4026 292 4092 1,
309 4023 371 4077 383.
407 4032 474 4079 Aen.
493 4031 554 4095 vll,
574 4027 634 4080 699.
705 4026 757 4096 41)
775 4045 799 4082 a.
818 4045 844 4081 v.
859 4025 968 4094 Ἄσσος,
986 4045 1083 4085 errore
1103 4043 1153 4096 pro
1171 4027 1267 4092 ”Actor
1284 4033 1320 4085 tbi

267 4111 365 4174 posita.
436 4110 489 4180 42)
505 4115 580 4182 xlv,
598 4109 660 4169 650.
685 4129 693 4138 ·
732 4112 786 4182 «13)
804 4117 878 4170 vuit
895 4133 920 4182 p.
938 4116 1000 4171 327.
