2866 4736
279 332 327 404 10

278 514 427 602 paludem
456 536 526 580 cum
549 513 690 601 Caystro
720 519 805 582 ostio
833 517 970 602 quodam
999 517 1222 584 cohaerentem
1244 519 1333 587 lluvii

278 618 441 684 alluvione
462 627 599 684 mutatus
623 629 671 684 est
687 620 743 699 ⁴⁸).
1065 681 1068 690 ,
1273 627 1275 633 ⁴

365 723 458 806 Quos
481 744 559 788 vero
582 722 623 786 ad
652 723 852 808 recipiendas
880 745 977 791 naves
1009 727 1332 814 onerarias'minores

276 835 389 913 portus
411 827 584 891 Damianus
608 826 758 912 Sophista
786 831 851 892 suis
873 831 1022 914 impensis
1046 827 1177 914 adjecit,
1203 829 1260 894 nbi
1283 834 1333 896 siti

277 929 395 994 fuerint
416 939 549 1014 propter
571 941 757 1016 perpetuam
774 931 904 1016 Caystri
926 931 1074 1014 alluuiem
1096 953 1156 1016 pro
1178 943 1266 998 certo
1291 933 1333 998 al·

277 1032 402 1111 firmari,
418 1053 484 1096 non
500 1043 608 1118 potest
623 1035 681 1115 49).
718 1035 870 1098 Notanda
888 1046 935 1100 est
952 1045 1115 1122 postremo
1132 1035 1223 1122 palus
1240 1059 1333 1122 quae-

278 1136 348 1201 dam
371 1149 464 1222 snpra
494 1137 604 1201 urbem
634 1140 693 1202 sita
714 1130 753 1202 τὸ
777 1139 849 1214 ἕλος
874 1141 926 1203 ἐπὶ
948 1132 991 1204 τὀὶ
1014 1143 1108 1224 ἕτερα
1128 1142 1188 1219 τῆς
1209 1134 1333 1216 πόλεως

162 1303 170 1311 ,
277 1240 338 1322 (ad
360 1244 611 1327 septentrionem
634 1239 754 1304 scilicet
775 1245 906 1326 versus)
930 1243 1075 1328 Xenoph.
1091 1243 1175 1308 Hell.
1192 1244 1215 1322 I,
1233 1225 1331 1324 Mhi.

202 1377 208 1388 x
232 1419 236 1428 ‚
276 1348 309 1409 in
332 1355 393 1431 qua
415 1344 567 1432 templum
591 1347 683 1408 situm
707 1354 774 1412 erat
795 1343 897 1432 (Cap.
920 1345 976 1425 IV,
998 1369 1029 1432 p.
1052 1347 1091 1426 11,
1113 1346 1141 1432 §.
1166 1349 1226 1432 l.)t

394 1487 396 1498 .
749 1535 777 1620 ἓ.
823 1536 853 1599 4.
886 1487 889 1495 ,

346 1655 520 1720 'Absoluta
549 1655 609 1718 hac
637 1629 681 1719 de
700 1654 787 1718 urhis
817 1657 879 1718 situ
909 1663 941 1720 et
967 1655 1109 1741 partibus
1137 1658 1332 1741 quaestione,

277 1759 515 1845 explorantibus
544 1758 653 1837 nobis,
681 1767 830 1843 quantum
861 1760 929 1844 ejus
959 1758 1037 1824 ditio
1068 1769 1100 1824 et
1128 1762 1211 1824 circa
1238 1763 1333 1824 maris

277 1884 365 1926 oram
394 1871 427 1925 et
454 1865 487 1925 in
516 1864 667 1926 interiora
693 1863 847 1944 patuerit,
865 1861 1075 1936 „occidentem
1102 1883 1211 1928 versus
1239 1863 1333 1928 facile

276 1965 349 2029 finis
378 1986 448 2028 sese
471 1964 569 2028 ollert
598 1987 616 2028 a
644 1973 756 2028 natura
784 1967 965 2048 impositus,
987 1965 1149 2053 Aegaeum
1171 1988 1258 2031 mare
1280 1967 1335 2060 vel

270 2071 344 2155 ¹ejus
367 2071 453 2132 sinus
477 2072 530 2153 qui
553 2067 692 2132 alluvio
716 2065 883 2152 Caystrius
895 2068 1068 2148 audiebat,
1094 2069 1269 2156 paulloque
1293 2069 1334 2135 ad

275 2176 526 2258 septentrionem
554 2162 849 2258 vergens'Gallesii
865 2163 994 2236 ”montis
1021 2177 1112 2262 juga,
1140 2195 1221 2259 qnae
1247 2196 1266 2237 a
1289 2177 1334 2238 vi-

232 2303 234 2313 *
276 2281 352 2342 cina
362 2275 559 2362 Colophone
576 2277 609 2357 ¹)
632 2276 790 2361 Ephesum
809 2278 990 2364 sejungunt.
1035 2279 1077 2342 Et
1100 2281 1248 2342 Austrum
1264 2299 1334 2344 ver-

275 2401 328 2446 sus
353 2391 385 2445 et
403 2383 521 2446 Eurum
541 2380 629 2446 haud
652 2379 791 2448 difficile.
807 2379 893 2446 dictu
916 2391 971 2460 est,
994 2403 1158 2467 quousque
1174 2383 1334 2468 Ephesiae

275 2483 357 2548 fines
379 2489 606 2568 processerint;
629 2484 728 2570 longe
752 2489 834 2550 enim
858 2485 969 2548 abesse
992 2485 1032 2548 ab
1050 2485 1130 2550 urbe
1152 2507 1220 2550 nou
1242 2473 1334 2573 pote-

275 2596 360 2664 rant,
382 2596 515 2670 propter
535 2589 656 2650 vicinas
679 2587 878 2673 Magnetum,
900 2588 1132 2668 Prienensium,
1155 2591 1333 2656 Samiorum

275 2688 380 2753 urbes.
425 2689 508 2751 Nam
531 2711 625 2773 quum
648 2689 761 2774 Lydia,
783 2725 826 2736 --
849 2693 900 2754 cui
923 2691 962 2754 ab
985 2693 1155 2758 Herodoto
1172 2696 1203 2775 ²)
1228 2695 1333 2781 Ephe-

275 2779 356 2870 sus,¹
372 2793 471 2876 prima
493 2790 655 2856 meridiem
679 2813 789 2856 versus
811 2795 894 2858 inter
915 2795 1040 2861 Ionicas
1063 2798 1160 2862 urbes
1183 2799 1334 2864 adscribi-

275 2906 334 2973 tur,
358 2898 497 2981 quamvis
521 2906 552 2960 et
568 2893 668 2960 Cares
691 2895 735 2959 ibi
750 2896 943 2962 habitassent
964 2921 1063 2985 eaque
1078 2905 1168 2989 regio
1186 2903 1333 2991 ambigua

274 3002 358 3064 inter
380 2997 480 3064 Cares
505 3009 536 3064 et
559 2999 670 3084 Lydos
699 3000 876 3079 haberetur,
898 3040 942 3052 -
963 3005 1093 3090 incipiat
1120 3029 1137 3069 a
1162 3006 1334 3094 Trogylio,

274 3103 420 3188 Mycales
443 3107 559 3168 montis
581 3107 804 3189 promontorio
828 3105 923 3171 Samo
952 3107 1075 3200 insulae
1099 3112 1264 3194 opposito,
1289 3120 1335 3176 at-

222 3261 226 3272 ,
273 3217 379 3273 tamen
400 3211 435 3273 in
457 3210 516 3272 hac
537 3207 714 3294 Mycalesia
741 3229 797 3272 ora
821 3209 917 3275 Samii
943 3233 1071 3297 quoque
1094 3211 1214 3296 oppida
1237 3233 1335 3294 quae·

345 3467 400 3536 48)
418 3474 520 3523 arunt.
538 3472 582 3524 52.
617 3471 696 3538 Pouj.
713 3471 775 3526 290.
794 3476 842 3542 „le
860 3477 923 3541 port
933 3475 967 3524 de
980 3471 1085 3523 laune
1097 3453 1203 3539 change
1220 3488 1257 3528 eu
1268 3489 1332 3530 nra·

267 3550 361 3614 ·rala“.
399 3557 510 3609 Chandl.
531 3555 591 3610 181.
627 3562 756 3612 namnet.
773 3557 835 3612 398.
905 3555 957 3618 49)
975 3552 1159 3627 Philomeli,
1178 3560 1222 3613 23.

345 3641 379 3706 1)
398 3647 465 3696 Nam
482 3647 656 3711 septuaginta
675 3652 778 3698 tantum
797 3644 891 3696 stadiis
910 3658 966 3696 sec.
986 3649 1074 3697 strab.
1092 3649 1167 3716 xlv,
1186 3646 1249 3700 643.
1267 3649 1332 3702 alvo
1396 3703 1401 3712 ,

274 3731 416 3796 octoginta
437 3736 467 3782 nt
490 3735 601 3784 mavult.
618 3736 688 3784 xer.
707 3735 804 3796 raphes.
823 3733 850 3798 1,
876 3745 901 3793 ρ,
922 3727 948 3782 8.
966 3733 999 3782 ab
1022 3735 1129 3797 Epheso
1154 3735 1251 3803 distat,
1276 3749 1332 3800 quo

273 3818 336 3870 loco
361 3823 389 3869 et
411 3815 472 3882 ejus
493 3821 594 3870 rudera
617 3834 687 3875 cum,
701 3819 786 3870 Clarii
808 3809 913 3868 oraculi
936 3832 1054 3872 caverna
1077 3825 1187 3885 reperta
1208 3826 1273 3872 sunt
1296 3823 1331 3872 ab

273 3906 432 3970 arundello,
451 3905 525 3967 Visit
540 3921 566 3966 p.
585 3904 637 3956 304
655 3921 695 3970 sq.
714 3917 799 3968 quare
816 3905 936 3958 renuas
953 3907 1181 3972 Pontingeriauae
1200 3919 1331 3960 uumerus

273 3989 325 4049 XX
342 4003 395 4051 mp.
413 3990 442 4040 in
459 3992 494 4057 X,
514 3986 583 4054 (hoo
601 3997 645 4043 est
662 3990 697 4042 80
714 3985 819 4054 stadia)
837 3993 980 4044 mutandus
999 3997 1050 4044 est.
1069 3990 1189 4056 Klepert.
1255 3989 1330 4058 2)1.

274 4071 336 4124 142.
360 4076 436 4158 Qupe
460 4075 532 4126 enim
554 4077 692 4128 meridiem
714 4091 811 4130 versus
837 4093 854 4130 a
876 4081 988 4142 Mycale
1016 4083 1094 4132 orant
1115 4083 1215 4132 tonum
1236 4082 1330 4146 urbes,

186 4151 191 4160 ’
234 4185 239 4192 -
273 4159 381 4229 Priene,
400 4163 492 4230 Myus,
510 4162 631 4230 Miletus,
651 4162 748 4218 (leriae
766 4167 1020 4218 annumerabuntur.
