2866 4736
278 341 324 414 44

278 515 372 613 quum
395 526 516 613 Ephesi
539 535 630 612 esset,
652 511 799 612 magnum
826 523 870 588 ibi
890 525 925 587 in
946 524 1071 598 Dianae
1093 523 1253 610 Ephesiae
1275 522 1334 588 ho-

276 651 388 696 norem
411 629 597 694 sacrificium
624 632 759 692 instituit
774 629 830 709 ¹⁹).
846 665 889 676 -
905 625 999 690 Haud
1021 631 1118 715 igitur
1139 631 1252 691 mirum
1275 636 1334 704 est,

269 725 440 820 'Ephesum
462 732 627 798 Alcibiade
651 734 790 797 Athenas
811 751 951 809 reverso,
973 733 1138 817 prosperis
1161 730 1334 794 Athenien·

278 841 357 901 sium
379 835 475 900 rebus
497 835 551 900 vel
573 835 704 900 ultiouis
727 844 827 914 metu,
855 832 908 898 vel
930 843 1062 920 propter
1084 834 1253 898 Persarum
1276 833 1334 899 do-

251 932 490 1004 minationem.
519 939 766 1005 Atheniensibus
804 959 929 1024 semper
968 939 1125 1001 inimicam
1169 939 1332 1002 mansisse.

235 1101 241 1106 .
279 1041 387 1127 Quum
411 1045 493 1106 enim
516 1043 706 1129 Thrasyllus
722 1044 785 1123 ²⁰),
810 1063 902 1127 quem
925 1041 969 1106 50
992 1040 1134 1118 navibus,
1159 1042 1224 1104 100
1248 1043 1334 1126 equi-

279 1146 363 1212 tibus
378 1147 439 1227 ²¹),
460 1146 602 1233 peditum
624 1167 703 1211 vero
726 1149 867 1232 quinque
892 1143 1032 1210 millibus
1046 1139 1097 1223 ²²)
1121 1144 1333 1209 Athenienses

279 1258 388 1314 contra
405 1251 566 1336 Ephesum
588 1253 749 1328 miserunt,
771 1247 903 1337 Pygclis
925 1251 995 1312 sine
1018 1246 1086 1312 ullo
1109 1235 1261 1312 successu
1277 1241 1338 1335 opss

278 1355 427 1441 pugnatis
450 1356 571 1435 (108),
600 1357 684 1442 agris
713 1373 791 1430 vero
820 1355 949 1418 vastatis
965 1351 1014 1430 ²³)
1044 1354 1145 1437 ipsam
1172 1351 1334 1437 Ephesum

278 1477 448 1545 aggressus
474 1456 564 1520 binis·
586 1459 697 1521 castris
726 1457 887 1536 cinxisset,
917 1476 1051 1542 quorum
1079 1455 1159 1520 haec
1181 1453 1223 1518 ad
1245 1453 1337 1542 palu·

280 1559 360 1638 dem,
382 1559 437 1622 illa
460 1557 500 1622 ad
523 1557 697 1626 Coressum
720 1563 780 1624 sita
809 1563 899 1650 erant
912 1561 977 1639 ²⁴),
999 1567 1127 1645 praeter
1148 1560 1337 1644 opinionem

280 1666 395 1742 evenit,
417 1661 616 1748 utEphesii,
638 1663 743 1729 multis
766 1683 843 1728 sane
865 1665 960 1727 sociis
983 1661 1174 1750 gaudentes,
1197 1661 1338 1746 Syracu-

279 1769 363 1830 sanis
388 1775 421 1830 et
442 1765 609 1832 Selinusiis
625 1770 682 1848 ²⁵),
706 1791 743 1832 ac
764 1767 818 1849 vel
839 1770 912 1853 ipso
936 1765 1157 1852 Tissapherne,
1180 1769 1235 1851 qui
1257 1764 1338 1830 mul-

280 1879 346 1934 tum
370 1871 541 1954 equitatum
565 1875 779 1946 concitaverat
793 1872 850 1952 ²⁶),
873 1871 1043 1955 eruptione
1065 1869 1147 1933 lacta
1163 1869 1338 1933 Athenien-

280 1973 360 2036 sium
382 1959 530 2057 hoplites,
552 1976 607 2059 qui
629 1974 670 2039 ad
692 1973 842 2061 paludem
862 1977 959 2060 positi
989 1982 1079 2039 erant
1105 1971 1202 2059 plane
1226 1960 1343 2038 deviuss

282 2083 398 2154 cereut,
420 2077 596 2162 victosque,
619 2099 753 2164 quorum
775 2076 849 2164 plus
877 2082 1012 2143 trecenti
1034 2075 1267 2156 caedebantur,
1296 2075 1337 2140 ad

280 2199 378 2242 naves
400 2199 502 2263 usque
524 2191 791 2267 persequerentur
804 2182 863 2262 ²⁷).
908 2181 982 2266 Qua
1005 2180 1046 2246 de
1059 2182 1195 2245 victoria
1218 2190 1251 2245 et
1273 2189 1338 2245 tro-

279 2303 371 2368 paea
383 2285 417 2348 in
432 2291 568 2369 utroque
589 2307 718 2379 ppgnae
733 2285 808 2351 loco
833 2294 939 2351 erecta
953 2286 1003 2366 ²⁸)
1027 2294 1060 2350 et
1074 2286 1225 2372 egregiae
1240 2287 1337 2349 sociis

161 2442 166 2452 .
280 2389 401 2474 gratiae
423 2396 513 2452 actae
536 2399 610 2453 suut
625 2391 689 2471 29);
713 2387 916 2475 Thrasyllum
938 2398 1043 2454 autem
1066 2392 1199 2474 ejusque
1220 2388 1337 2452 milites

280 2499 373 2554 tanto.
395 2489 556 2556 dedecore
579 2491 686 2557 clades
709 2492 764 2557 illa
787 2493 904 2572 allecit,
926 2502 962 2556 ut
976 2490 1157 2568 Alcibiadis,
1179 2494 1234 2578 qui
1249 2491 1338 2577 Aby-

282 2591 357 2656 dum
370 2593 604 2731 8oppugnabat,
633 2595 748 2666 milites
776 2615 839 2660 uua
863 2617 933 2660 cum
959 2594 1022 2661 illis
1044 2616 1189 2683 pugnare
1210 2616 1338 2660 recusa·

282 2704 355 2759 rent
387 2696 430 2776 ⁰).
646 2706 650 2714 ‘

371 2798 476 2883 Quam
505 2799 548 2866 ob
579 2823 702 2868 causam
732 2803 864 2869 ultiouis
897 2813 984 2870 metu
1012 2807 1052 2872 in,
1075 2803 1143 2869 dies
1173 2813 1338 2868 crescente

353 3032 405 3104 19)
427 3037 527 3090 Θυσίαν
550 3032 691 3102 ἐποιήσατο
714 3031 747 3107 τῇ
774 3037 903 3106 Λρτέμιδι
923 3037 1002 3105 vlll,
1032 3033 1098 3104 109,
1126 3035 1222 3100 qulbus
1239 3036 1337 3088 'verbis

282 3123 360 3186 opert
373 3119 458 3176 finem
477 3122 546 3174 fecit
563 3123 684 3185 Thucyd.
773 3120 827 3186 20)
838 3123 892 3175 'lic
908 3123 989 3176 etiam
1008 3125 1078 3186 apud
1094 3122 1243 3173 Diodorum
1260 3124 1336 3185 xiil,

282 3207 318 3260 63
334 3210 491 3262 cl’almerli
510 3209 699 3265 emendatione
716 3221 766 3272 pro
779 3202 1212 3276 „rrrasyauro“1egenuumest.
1285 3205 1338 3272 21)

281 3295 391 3348 Diodor.
405 3297 489 3364 sicul,
501 3297 577 3362 xm,
586 3293 629 3346 63.
701 3284 754 3360 22)
767 3297 889 3360 xenoph.
908 3297 1014 3348 Hellen.
1027 3297 1051 3363 Ι,
1063 3295 1092 3363 2,
1106 3293 1131 3346 l.
1202 3289 1258 3360 23)
1276 3299 1336 3348 Arr-

282 3385 390 3445 tequam
407 3395 474 3434 vero
492 3381 579 3444 ipsam
597 3382 732 3444 Ephesum
749 3383 816 3434 adiit
834 3381 1017 3446 Colophonem
1041 3380 1195 3444 occupavit.
1284 3377 1337 3446 24)

282 3467 353 3518 Xen.
370 3468 393 3533 1,
411 3467 439 3534 2,
458 3467 484 3518 7.
502 3464 566 3524 τοὺς
582 3470 628 3536 μὲν
647 3451 757 3526 ὁπλῖται)
774 3471 799 3526 ἐς
817 3452 1018 3539 rdrKoppoodv
1036 3458 1207 3534 ἀποβιβάσας,
1226 3465 1294 3526 τοὺς
1311 3467 1337 3518 δὲ

283 3553 372 3610 ἱππεῖς
390 3585 498 3603 ......
518 3551 583 3622 πρὸς
600 3551 633 3604 τὸ
650 3551 706 3612 12ος
723 3554 765 3604 rut
782 3553 818 3604 τὰ
835 3552 913 3624 ἕτερα
934 3554 981 3621 τῆς
1003 3548 1109 3616 πόλεως,
1127 3548 1183 3622 ἅμα
1200 3549 1234 3622 τῇ
1255 3549 1338 3622 ἡμέρᾳ

282 3633 395 3706 aporire
414 3632 461 3692 sta
480 3631 656 3708 στρατόπεδα.
726 3635 780 3702 25)
803 3642 923 3702 Quorum
940 3639 975 3692 25
993 3653 1078 3692 noves
1099 3639 1229 3703 inportu
1247 3642 1335 3690 erant.

217 3730 220 3736 ’
282 3717 336 3788 26)
354 3724 472 3791 Boudeia
491 3727 516 3782 re
533 3720 581 3789 salv
598 3717 708 3792 Ἔφεσον
726 3719 760 3794 τῇ
779 3724 907 3795 Λρτίμιὸι
929 3725 966 3776 10.
983 3719 1007 3792 §.
1025 3719 1051 3790 6
1141 3721 1194 3789 27)
1211 3725 1336 3790 Xenoph-

213 3844 216 3848 -
284 3811 356 3862 nell.
374 3811 397 3876 1,
415 3809 443 3876 2,
463 3806 550 3860 7-·9.
621 3803 674 3873 28)
691 3809 758 3860 1016.
776 3811 798 3877 1,
817 3811 844 3879 2,
864 3809 906 3862 10.
926 3813 953 3862 ol
971 3811 999 3862 δὲ
1013 3804 1127 3882 Ἐφέσιοι
1144 3804 1276 3880 τρόπαιον
1298 3814 1337 3863 ἰν-

226 3941 229 3946 ,
283 3893 378 3946 ταῦθα
396 3897 504 3962 ἔστησαν
527 3895 572 3946 καὶ
590 3894 677 3964 ἕτερον
701 3894 768 3966 πρὸς
789 3893 824 3962 τῷ
843 3893 979 3968 Κορησσῷ.
1069 3893 1121 3962 29)
1139 3896 1267 3960 Utrisque
1288 3896 1336 3948 rol

284 3981 364 4032 οἰκεῖν
387 3983 489 4033 certate
512 3983 589 4048 data,
613 3981 763 4042 seleuuciis
786 3985 897 4050 postca,
923 3996 974 4034 sua
996 3984 1063 4036 tube
1085 3983 1214 4052 privatis,
1238 3983 1336 4036 civitas

285 4065 366 4117 etiam
384 4079 519 4120 concessa
535 4067 571 4120 ib.
660 4063 713 4134 30)
731 4069 866 4122 Plutarch.
889 4068 1020 4122 Alcibiad.
1044 4083 1069 4122 o.
1086 4065 1138 4130 29„
1155 4097 1188 4106 -
1211 4070 1335 4135 Xenoph.

285 4152 355 4204 flell.
374 4153 396 4219 1,
414 4151 442 4221 2,
463 4151 504 4205 15.
