2916 4722
1163 301 1215 371 oa

154 471 219 535 lus
235 470 275 534 ab
291 467 444 557 Apolline
460 469 585 536 Delio
602 475 652 554 ²⁹),
675 472 821 540 Clarus
837 495 854 539 a
871 473 1013 542 Clario
1029 479 1080 558 80).
1115 482 1213 546 Acce-

155 573 219 652 dit,
254 573 358 658 quod,
393 579 582 661 comparatis
614 587 653 641 et
675 580 791 642 Jovis
827 580 976 667 Ephesi
1011 582 1056 666 (§.
1090 584 1145 660 12,
1179 605 1211 647 n.

154 677 245 755 Vlll,
269 697 300 743 n.
324 678 389 756 48)
414 687 446 741 et
468 677 619 764 Ephesi
647 680 781 745 herois
812 693 844 746 et
866 684 1018 748 heroinae
1040 689 1211 770 praecipue

154 781 311 866 Ephesi
334 780 382 865 (§.
410 783 460 859 13,
483 802 514 845 n.
538 783 622 862 Vll)
650 784 840 863 nominibus,
870 789 939 851 veri
968 807 1035 852 non
1061 787 1211 852 dissimile

153 881 300 949 redditur
327 883 508 970 primarium
537 886 628 951 Deae
662 907 780 952 nomen
803 881 947 977 Ἔφεσον
975 889 1087 968 fuisse,
1124 889 1211 975 quod

152 997 278 1073 postea,
300 986 411 1074 lingua
425 991 495 1074 ipsa
510 992 609 1076 magis
627 987 757 1068 exculta,
778 993 813 1054 in
829 987 1006 1080 ‚‚’Ecpeoa'ot‘,
1029 1013 1125 1057 sensu
1143 1013 1211 1058 non

153 1101 287 1170 mutato,
310 1090 423 1155 abierit
438 1093 495 1171 ³¹).
541 1091 666 1176 Quibus
689 1095 764 1156 satis
780 1115 938 1180 superque
953 1095 1122 1180 probatum
1138 1117 1211 1185 cen-

153 1215 224 1272 seo,
247 1215 311 1279 quo
334 1197 404 1279 jure
427 1194 586 1279 Ephesum
609 1194 718 1258 urbem
742 1217 759 1258 a
781 1196 887 1261 Diana
910 1198 1047 1282 Ephesia
1071 1199 1210 1285 appella-

151 1307 218 1362 tam
242 1319 311 1361 esse
333 1299 584 1381 pronuntiemus.

244 1397 369 1483 Quihns
393 1399 598 1487 etymologiis
613 1403 743 1464 remotis
758 1403 792 1464 in
808 1423 845 1466 ea
862 1402 1125 1486 acquiescendum
1141 1407 1210 1489 opi-

152 1523 231 1580 nor,
253 1523 314 1586 qua
337 1523 355 1564 a
377 1502 479 1567 verbo
503 1505 631 1591 ἐφιέναι
653 1503 811 1588 Ephesiae
834 1525 953 1568 nomeu
976 1503 1135 1587 derivatur
1151 1508 1209 1587 ³²);

152 1609 199 1670 ita
215 1616 252 1670 ut
271 1607 426 1690 jaciens
449 1604 504 1669 illa
519 1606 589 1670 Dea
605 1608 646 1670 sit
661 1607 719 1686 ³³),
743 1609 810 1670 sive
825 1607 1008 1692 simpliciter
1029 1608 1062 1672 id
1086 1607 1126 1673 de
1138 1609 1210 1673 Dea

151 1711 315 1775 venatricc
337 1713 482 1795 accipere
500 1707 593 1786 celis,
615 1708 703 1794 quod
719 1712 838 1795 optime
853 1731 930 1775 sane
953 1733 1023 1775 cum
1047 1733 1093 1790 ea,
1117 1731 1209 1796 quam

153 1833 217 1878 nos
232 1813 357 1877 Dianae
373 1813 531 1898 Ephesiae
552 1815 715 1898 posuimus
738 1821 850 1877 natura
873 1816 1024 1878 convenit
1046 1823 1079 1878 et
1099 1814 1152 1878 vel
1173 1836 1210 1878 ex

152 1921 225 2004 ipsa
246 1916 402 2004 religione
426 1915 578 1980 Arcadica
601 1916 731 2002 probari
756 1926 863 2004 potest
878 1917 936 1997 ³⁴),
965 1920 1031 1982 sira
1055 1916 1210 1982 occultio-

152 2042 221 2085 rem
244 2018 401 2106 quendam
423 2041 563 2099 sensum,
594 2042 728 2106 eumque
757 2019 968 2106 symbolicum
997 2023 1032 2084 in
1054 2023 1209 2084 Jacientis

151 2126 284 2188 nomine
307 2122 407 2187 latere
429 2143 573 2200 censeas,
602 2133 637 2186 ut
666 2122 706 2186 de
727 2122 823 2185 radiis
845 2121 941 2186 lunae
963 2122 1101 2209 jaciendi
1124 2125 1208 2185 actio

152 2225 359 2314 intelligatur,
381 2224 517 2290 telorum
539 2227 638 2287 instar
660 2245 678 2287 a
701 2223 794 2287 coelo
818 2222 960 2287 demissis
975 2225 1033 2303 εὖ);
1061 2227 1108 2289 uti
1130 2222 1208 2287 solis

64 2385 67 2390 .
153 2323 285 2416 cinoque
306 2327 387 2392 radii
409 2326 569 2414 Apollinis
591 2325 663 2391 telis
687 2324 895 2411 designantur
910 2326 969 2403 ³⁶).

152 2479 354 2490 ψ-

226 2549 279 2615 29)
297 2555 364 2608 Pau.
383 2571 409 2620 p.
427 2555 471 2608 34.
560 2553 613 2624 30)
637 2559 702 2608 Pau.
724 2571 751 2619 p.
768 2552 813 2606 35.
830 2579 867 2590 -
885 2556 925 2606 De
947 2555 1102 2607 Thermis
1120 2551 1207 2622 (rim.

152 2640 205 2704 111,
225 2637 269 2690 14.
303 2643 421 2693 Pausan.
439 2645 481 2709 11,
500 2639 550 2710 34,
569 2641 594 2694 6.
615 2638 667 2708 ll)
695 2656 710 2694 a
730 2641 832 2692 Cerere
850 2643 1046 2693 Thermasia
1064 2643 1208 2706 appellatis

153 2724 240 2787 (Pau.
258 2724 294 2775 ih.
312 2741 338 2788 p.
358 2724 408 2791 17)
427 2731 565 2779 admodum
585 2729 701 2779 dubitari
718 2731 819 2790 potest.
889 2721 942 2791 31)
962 2729 1038 2788 Quae
1056 2742 1122 2778 sane
1140 2742 1206 2778 sen-

153 2811 243 2861 tentia
259 2816 372 2875 propter
388 2813 507 2878 linguam
530 2815 770 2865 remotissimorum
793 2813 907 2864 istorum
932 2815 1082 2876 temporum
1104 2825 1209 2876 nequa-

154 2909 234 2960 qnam
253 2899 391 2962 cognitam
409 2899 492 2949 certis
514 2899 680 2963 argumentis
698 2913 785 2962 neque
804 2898 914 2961 probari
932 2901 1032 2965 potest,
1051 2911 1138 2961 neque
1156 2899 1209 2948 lm·

154 2984 280 3046 pugnari.
386 2982 437 3048 32)
456 2986 557 3034 Eadem
584 2983 711 3036 tormatlo
738 2985 861 3050 videtur,
884 2996 936 3046 qua
958 2985 991 3032 ab
1014 2986 1104 3032 irratam
1126 2984 1209 3032 invecto

154 3069 297 3119 derivatur
324 3071 394 3132 apud
421 3071 540 3131 flesyoh.
560 3083 582 3118 s.
601 3083 628 3118 v.
663 3055 672 3066 ⁶
733 3064 785 3129 33)
815 3069 861 3116 sio
887 3069 957 3116 nude
980 3077 1039 3116 rem
1067 3065 1209 3126 proposuit

155 3155 310 3205 Schwenelr
321 3158 438 3206 Audeat.
453 3169 479 3217 p.
492 3151 545 3202 224
562 3155 716 3220 „Epheson
735 3165 767 3200 so
786 3155 906 3214 genennt
917 3163 971 3199 von
989 3151 1038 3198 der
1055 3149 1208 3199 schieisen-

154 3240 377 3307 consurgam,
401 3242 491 3310 specte
510 3235 649 3305 (welches
668 3235 820 3287 abauleiten
838 3247 893 3285 von
912 3227 1048 3302 εφίημι)“.
1084 3233 1210 3284 Jaciendl

155 3328 247 3375 autem
271 3339 381 3376 sensum
398 3339 496 3376 revera
513 3325 593 3374 hahet
610 3321 642 3373 τὸ
662 3324 759 3391 ἐφιέναι
782 3325 810 3372 et
832 3317 941 3385 adjecto
959 3320 1032 3384 βέλος
1057 3312 1151 3385 (11.1,
1175 3317 1209 3368 51

155 3405 245 3476 cett),
265 3413 294 3460 et
311 3411 471 3474 simpliciter
489 3411 588 3460 niumm
607 3405 693 3475 (Plut.
705 3405 826 3474 Pompej.
839 3407 940 3468 Exim
958 3405 998 3455 ita
1016 3403 1149 3480 acciplgur
1166 3417 1210 3467 ap.

155 3496 268 3546 Henrie.
286 3500 379 3559 steph.
399 3499 479 3547 Thes.
498 3497 577 3560 ling.
597 3497 644 3547 (ir.
665 3489 723 3562 [ed.
736 3486 873 3560 Diodori]
893 3507 919 3542 r.
933 3485 1060 3561 ἐφιέναι),
1080 3495 1110 3541 ut
1128 3489 1210 3542 etiam

155 3585 242 3647 ἔφεσις
259 3583 293 3633 de
307 3578 388 3646 jactu
405 3585 550 3644 usurpatur
568 3595 610 3644 ap.
630 3582 772 3631 Platonem
789 3561 877 3644 Leggss
889 3579 937 3644 IV,
951 3591 977 3639 p.
989 3575 1052 3643 717,
1064 3580 1097 3626 A.
1157 3571 1211 3640 34)

155 3668 188 3717 ln
206 3667 364 3717 universnm
380 3668 495 3718 Dianam
513 3668 597 3717 Deam
615 3666 790 3718 venatricem
809 3677 886 3732 esse,
908 3663 954 3713 vix
971 3664 1132 3712 monendum
1152 3665 1209 3724 επις

157 3752 186 3802 iu
203 3753 323 3804 Areada
347 3757 436 3804 autem
460 3756 595 3816 tamquam
613 3751 737 3802 senatrix
756 3744 832 3818 Ἀρτ.
849 3744 984 3818 ἀγροτέρα
1006 3747 1106 3796 celitur
1128 3747 1209 3796 Pons.

156 3839 233 3905 viil,
251 3837 297 3905 32,
315 3835 334 3888 4
352 3843 381 3888 et
398 3839 447 3888 suh
465 3840 609 3888 Atalantes
627 3836 776 3888 vcaamlois
794 3836 901 3886 nomine
919 3834 981 3884 itio.
999 3833 1075 3895 vill,
1094 3829 1143 3896 35,
1166 3829 1209 3880 lo.

157 3921 202 3990 45,
222 3924 240 3974 2
259 3927 326 3974 cett.
347 3951 378 3962 -
398 3924 489 3973 Muell.
509 3923 633 3974 Orchom.
652 3939 677 3988 p.
697 3921 757 3972 124.
827 3915 881 3985 35)
899 3918 1052 3971 schwenelr
1064 3931 1088 3979 p.
1106 3913 1159 3965 201
1176 3918 1210 3966 de

157 4009 298 4072 Apolline:
317 4023 392 4078 „ron
411 4011 464 4060 deu
481 4009 684 4061 siunbildliehen
703 4007 809 4057 Pisilen
832 4008 910 4058 ward
932 4019 962 4056 er
978 4007 1065 4068 Jiger
1082 4004 1136 4053 und
1155 4005 1210 4052 Bo-

161 4095 345 4164 genimima,
370 4095 426 4148 wie
449 4094 525 4146 seius
548 4097 706 4147 Schwaster
721 4092 841 4144 Artemis
864 4104 916 4142 von
935 4093 986 4141 den
1004 4089 1213 4142 Mondstrahlen

959 4171 1009 4235 7*
