2916 4722
279 310 350 383 128

319 495 516 584 Ὀρχεῧνται,
539 491 672 575 θηητόν
693 491 903 580 ἑλισσόμεναι
924 495 998 584 περὶ
1020 491 1136 563 κύκλον

319 592 399 668 Erite
421 595 643 667 Λιονύσοιο
663 602 885 688 χοροστασίας
908 602 1062 666 τελέοιεν·

277 707 454 770 Universos
476 714 581 770 autem
603 703 658 768 illc
685 703 790 782 locus,
820 715 854 769 ut
881 714 1021 769 nostram
1044 707 1232 769 sententiam
1255 726 1333 770 con-

277 810 387 888 firmat,
409 811 447 873 iis
464 829 545 893 quae
557 830 652 895 supra
668 807 827 874 attulimus
842 831 949 873 rursus
965 807 1184 884 confirmatum
1207 806 1334 872 dubitat

277 916 359 978 enim
382 911 429 976 lll.
453 912 652 996 Bernhardy,
675 933 749 977 num
771 910 838 976 fida
860 911 976 1000 dignus
999 914 1047 990 sit,
1069 922 1268 996 vereturque,
1290 933 1332 975 ne

276 1016 420 1081 hallicarn
444 1015 653 1102 Ephesiorum
677 1037 841 1100 pompam,
871 1037 963 1100 quam
994 1036 1120 1080 emera
1143 1014 1341 1080 Callimachi

276 1119 408 1184 fictione
430 1119 606 1205 proiectam
622 1129 717 1205 supra
732 1118 938 1205 probavimus
961 1118 989 1203 §.
1010 1123 1057 1198 lo,
1079 1139 1110 1182 n.
1126 1121 1238 1198 3-7,
1261 1141 1331 1184 cum

277 1225 400 1313 choreis
430 1223 592 1288 Bacchicis
623 1221 803 1287 confuderit
825 1221 1020 1306 Dionysium
1053 1223 1218 1302 ‚,Bacchi“
1248 1227 1332 1288 enim
1405 1255 1407 1260 ¹

275 1327 418 1408 „saltatio
522 1336 558 1391 ut
580 1327 700 1413 Ephesi
727 1333 795 1389 rata
824 1325 919 1390 luerit
945 1335 977 1390 et
997 1336 1153 1414 perpetua
1175 1347 1216 1390 na
1241 1327 1332 1395 nuxis

276 1431 401 1517 quidem
424 1429 558 1508 indiciis,
580 1452 685 1516 neque
707 1449 913 1506 nummorum,
937 1450 1042 1514 neque
1064 1429 1262 1496 voluminum
1288 1432 1334 1496 ei·

275 1535 329 1599 fici
351 1533 494 1598 videtur‘
511 1535 568 1614 63).
615 1533 737 1600 Contra
755 1555 836 1619 quae
851 1542 977 1618 praeter
994 1531 1131 1597 fabulam
1148 1544 1180 1598 et
1201 1538 1333 1599 nomina

275 1639 494 1725 Ephesiorum,
517 1636 558 1702 de
581 1637 694 1722 quihus
718 1660 813 1724 supra
836 1635 976 1728 diximus,
999 1658 1112 1701 numus
1128 1637 1235 1702 ailerri
1257 1659 1334 1724 pos-

276 1745 316 1807 sit
339 1742 526 1827 Ephesinus‚
549 1745 602 1827 qui
624 1742 803 1818 ‚‚Faunum“
826 1740 959 1817 exhibet,
982 1739 1035 1804 vel
1056 1740 1205 1826 Satyrum
1228 1743 1334 1826 „thyr-

275 1868 343 1910 sum
359 1851 554 1932 gestantem“
571 1845 627 1924 ⁶⁴).
662 1843 727 1909 Sed
743 1843 866 1908 accedit
883 1833 1104 1929 argumentum
1119 1845 1333 1920 manifestins3

276 1951 391 2022 omissa
415 1951 498 2012 enim
521 1950 672 2012 interiore
694 1948 819 2011 Dianae
843 1948 1002 2032 Ephesiae
1033 1970 1102 2016 cum
1124 1949 1254 2014 Baccho
1279 1971 1335 2015 co-

275 2053 428 2139 gnatione
458 2059 554 2136 atquc
582 2048 787 2114 similitudine
802 2050 866 2131 ⁰⁵),
895 2071 1034 2116 mensem
1065 2051 1150 2138 apud
1173 2053 1333 2138 Ephesios

275 2157 529 2221 Lenaeonem
552 2152 746 2240 appellatum
769 2150 867 2220 fuisse
890 2157 1003 2220 scimus
1020 2156 1077 2234 66),
1098 2155 1185 2220 unde
1208 2166 1241 2220 et
1261 2159 1336 2224 Le-

276 2282 322 2324 na
333 2282 376 2325 ea
391 2260 519 2326 Baccho
544 2280 600 2336 eos
619 2257 828 2325 celebravisse
843 2259 1012 2324 manifesto
1035 2263 1242 2346 consequitur
1258 2263 1317 2341 ⁶⁷).

582 2496 660 2580 xil.
709 2493 1022 2583 insomnium.

366 2681 655 2768 Aesculapium
685 2682 823 2768 denique
854 2683 893 2747 ah
918 2684 1062 2770 Ephesiis
1092 2682 1210 2748 cultum
1235 2686 1333 2752 luisse

277 2790 436 2873 conjicere
459 2785 570 2872 aliquis
593 2788 695 2870 possit
723 2807 741 2848 c
763 2785 889 2850 familiis
919 2786 1105 2872 quibusdam
1127 2787 1333 2870 medicorum,

277 2891 439 2954 scientiam
467 2888 553 2953 illam
582 2899 739 2974 tamquam
769 2912 839 2954 cunr
868 2911 987 2978 genere
1018 2894 1219 2976 conjunctam
1247 2915 1334 2958 exer-

276 2995 412 3059 centium
434 3029 464 3043 -
486 2995 632 3058 novimus
655 2995 738 3057 enim
752 2993 1038 3080 Asclepiadem
1054 2994 1210 3081 quendam
1226 2998 1335 3082 Ephe-

346 3275 400 3346 63)
418 3284 458 3357 Art
478 3280 592 3344 Dionys.
610 3283 630 3331 l.
649 3283 668 3332 1.
686 3295 712 3343 p.
732 3279 793 3333 75⁷.
883 3278 935 3349 64)
957 3284 1057 3334 Mionn.
1077 3279 1215 3346 supplem.
1235 3271 1285 3351 Vi,
1306 3299 1333 3335 n.

276 3364 339 3416 644).
446 3361 499 3431 66)
517 3368 652 3419 Welcker
669 3371 808 3433 Nachtrag
830 3383 880 3420 aur
898 3369 1019 3434 Triiogie
1043 3385 1068 3432 p.
1090 3367 1149 3420 198.
1182 3398 1213 3409 -
1241 3371 1334 3422 Diana

277 3451 395 3513 Ephesia
413 3465 467 3502 una
485 3467 546 3503 cum
564 3456 669 3504 Baccho
688 3457 829 3506 colebatur
847 3455 968 3518 sicyona
986 3450 1086 3521 (Paus.
1098 3458 1138 3523 11,
1159 3455 1189 3518 7,
1208 3450 1255 3521 6),
1275 3457 1334 3508 Go-

275 3536 358 3586 rinthi
375 3533 510 3603 (Pauson.
528 3539 569 3604 11,
588 3538 620 3605 1,
639 3534 675 3604 5)
698 3551 726 3590 es
748 3543 819 3604 apud
838 3540 972 3592 Camenas
995 3537 1049 3606 (ct.
1068 3536 1091 3607 §.
1110 3538 1140 3608 8,
1160 3545 1204 3609 V,
1223 3555 1250 3591 n.
1269 3537 1333 3607 41).

275 3622 356 3672 Mitto
373 3623 472 3674 Bacchi
490 3632 680 3692 cognomenta,
700 3627 803 3678 Dianae
822 3626 935 3694 similia,
954 3626 1126 3694 Limnaeum,
1146 3631 1171 3678 ἐν
1188 3629 1238 3680 ἕλει
1265 3633 1333 3680 cett.

276 3702 328 3773 66)
346 3709 522 3772 Ephesiorum
546 3712 699 3773 psephisma
725 3728 766 3776 ap.
784 3715 897 3775 Joseph.
914 3717 977 3763 Ant.
995 3716 1057 3765 Jud.
1076 3715 1150 3780 xlv,
1172 3712 1213 3780 10,
1234 3713 1277 3764 11.
1297 3739 1334 3750 -

276 3793 384 3845 Corsini
402 3797 432 3845 F.
452 3800 484 3846 Α.
503 3798 544 3863 11,
569 3813 593 3861 p.
618 3797 680 3849 447.
702 3827 732 3837 -
764 3801 872 3850 Boeckh
892 3801 978 3850 Uebcr
997 3799 1040 3850 die
1058 3803 1202 3866 Lanaeen,
1225 3802 1333 3851 Anthe-

275 3881 378 3931 sterien
397 3884 426 3932 et
443 3881 593 3946 Dionysien
613 3900 638 3947 p.
657 3882 700 3936 53.
805 3880 858 3949 67)
878 3885 998 3952 Apsaros
1016 3884 1090 3955 stupri
1110 3881 1181 3937 Ἴωσι
1203 3883 1333 3950 tanitico,

276 3959 317 4016 ὅτι
335 4000 424 4016 .....
444 3964 480 4032 τῷ
499 3965 614 4036 Διονύσῳ
634 3969 726 4040 ἑορτὴν
745 3968 793 4034 τὴν
811 3972 948 4040 λεγομένην
965 3965 1127 4040 Ἀμβροσίαν
1146 3973 1257 4023 ἐτέλουν.
1286 3975 1332 4023 Ε4.

275 4052 351 4114 Mgu.
370 4065 413 4114 ap.
432 4055 547 4105 Boecirh.
567 4071 594 4118 p.
612 4055 647 4109 58
666 4053 746 4122 crpus
765 4059 848 4108 verba
866 4058 975 4122 integra
999 4070 1132 4121 apponam
1151 4061 1232 4124 „Von
1252 4052 1334 4110 hier“

277 4129 429 4204 [Athenis]
449 4138 535 4203 inprit
559 4157 584 4205 p.
609 4141 642 4193 52
665 4143 824 4210 „erhiclten
847 4144 888 4196 sie
912 4139 1028 4212 (lones)
1051 4143 1109 4195 ihre
1132 4143 1333 4210 Heiligthirmer
