2910 4726
300 268 371 343 llo

296 453 503 534 videatur-¹).
546 454 728 536 Numquae
751 444 841 516 istius
865 451 985 516 carlinis
1007 456 1141 541 vestigia
1165 453 1267 520 multo
1292 459 1353 542 jam

297 570 371 624 aute
401 568 544 623 nostrum
574 554 724 642 templum
754 555 915 621 conditum
944 560 978 620 in
1006 556 1235 642 Peloponneso
1266 563 1355 624 inve·

298 666 427 726 niuutur
442 664 484 741 ²),
508 683 569 724 nec
590 663 741 723 momenti
763 663 842 733 tanti
865 670 938 724 sunt
952 681 1056 745 neque
1071 671 1134 724 tam
1150 671 1237 724 certa
1254 663 1301 742 ³),
1321 675 1356 727 ut
1377 731 1381 737 ,

296 777 396 831 totam
418 768 508 828 istam
532 767 608 828 artis
630 767 785 828 rationem
813 767 875 848 jam
902 774 967 827 tum
990 767 1135 828 usitatam
1159 763 1258 827 luisse
1283 787 1358 828 cen-

296 891 376 934 seas.
422 868 528 953 Quum
544 888 621 931 vero
639 871 719 930 circa
736 865 868 930 eandem
885 867 951 930 lere
967 875 1107 943 aetatem,
1130 889 1191 950 qua
1207 876 1353 930 nostrum
1443 933 1444 948 ,

297 971 449 1057 templum
472 971 634 1035 conditum
659 981 714 1048 est,
737 979 823 1034 extra
845 969 1105 1055 Peloponnesum
1128 972 1161 1032 iu
1183 973 1253 1054 ipsa
1277 991 1354 1054 quo-

198 1107 201 1110 ·
297 1097 359 1161 que
382 1077 457 1139 Asia
479 1069 571 1160 hujus
595 1074 822 1138 architecturae
837 1074 975 1138 membra
992 1093 1098 1158 sparsa
1113 1071 1352 1158 quodammodo

295 1182 498 1243 inveniantur
513 1180 556 1258 ⁴),
581 1197 680 1262 eaque
702 1180 794 1240 nimis
818 1177 978 1241 elaborata
1002 1199 1039 1239 ac
1061 1175 1114 1239 vel
1138 1175 1352 1240 cumulatione
1443 1203 1444 1212 ¹

297 1286 389 1346 etiam
414 1281 597 1368 ‹lehgurata,
621 1301 711 1366 quam
729 1301 809 1365 quae
831 1279 1068 1345 aduescentem
1090 1283 1182 1343 istum
1207 1280 1352 1344 ordinem

296 1387 469 1450 reseramus
486 1388 532 1465 ὗ);
555 1385 721 1448 manifesto
738 1395 878 1468 apparet,
899 1387 1074 1468 primariam
1093 1383 1291 1448 Graecorum
1308 1407 1352 1448 ar-

298 1490 508 1566 chitecturam,
532 1491 574 1552 ita
597 1486 760 1573 paullatim
784 1487 843 1550 hac
857 1485 912 1550 illa
935 1497 1024 1572 parte
1040 1491 1231 1550 immutatam
1247 1489 1351 1566 fuisse,

297 1604 332 1656 ut
355 1592 434 1656 alius
458 1591 577 1655 ordinis
602 1590 758 1654 elementa
782 1628 821 1640 -
846 1589 921 1654 licet
943 1588 1085 1674 dispersa
1102 1611 1206 1673 neque
1222 1591 1289 1656 ulla
1306 1614 1352 1655 ra·
1443 1599 1444 1684 h

296 1699 479 1763 tioueinter
490 1717 560 1760 sese
577 1685 904 1779 cohaerentia-*ipsa
919 1697 1059 1778 jamtum
1076 1692 1350 1776 complecteretur.
1443 1685 1444 1702 ¹

297 1801 347 1863 Eo
372 1809 476 1862 autem
498 1797 666 1861 referenda
689 1807 762 1860 suut
783 1800 884 1882 major
900 1796 1114 1860 columnarum
1138 1796 1351 1882 gracilitas⁶)‚

297 1905 407 1986 spinae
429 1901 482 1964 vel
505 1903 595 1965 bases
619 1900 773 1964 columnis
796 1899 942 1964 subditae
958 1901 1006 1980 ⁷),
1029 1899 1158 1964 volutae
1172 1900 1214 1980 ⁸),
1237 1903 1350 1987 striges

368 2111 402 2179 1)
421 2115 482 2164 lllrt
505 2129 530 2176 p.
553 2109 578 2164 5.
617 2117 672 2165 Der
690 2115 802 2178 'lampel
826 2117 875 2164 der
892 2113 980 2164 Diana
1004 2127 1058 2164 von
1076 2116 1199 2176 Ephesus
1223 2093 1350 2164 bezeich-
1377 2099 1381 2105 ’

296 2206 344 2252 net
361 2201 423 2252 eine
441 2203 620 2254 wesentliche
638 2205 747 2264 Epoche
766 2202 792 2251 iu
815 2201 907 2251 dieser
924 2205 1021 2252 Kuust.
1056 2203 1095 2250 Er
1112 2201 1222 2252 weckte
1240 2199 1269 2248 in
1288 2201 1350 2250 ‹ler-

281 2291 391 2338 'selheu
414 2287 492 2338 einen
510 2289 588 2352 'ganz
612 2301 700 2338 neuen
725 2287 817 2353 Geist,
841 2287 895 2337 und
919 2287 1052 2338 bewirlrte
1081 2288 1132 2336 den
1156 2285 1265 2335 krihnen
1286 2289 1350 2336 Um·

297 2377 442 2440 schivung,
470 2377 599 2439 vermoge
622 2376 719 2440 dassen
744 2387 774 2423 es
797 2373 936 2423 vielleieht
961 2374 1046 2423 allein
1069 2373 1186 2436 moglich
1210 2375 1290 2422 ward
1309 2372 1350 2422 vlle

297 2460 542 2515 architekionische
560 2463 649 2514 liunst
666 2462 715 2510 der
728 2459 862 2510 Griechen
881 2460 931 2509 uui
944 2455 1007 2522 jene
1023 2461 1099 2510 llhhe
1116 2472 1152 2508 zu
1169 2457 1277 2522 ilihreu,
1289 2469 1350 2508 vvc-
1443 2463 1444 2512 i

297 2549 380 2597 druch
403 2547 444 2596 sie
467 2549 516 2596 das
538 2549 695 2597 volleudete
713 2545 826 2596 Vorhild
850 2544 894 2594 fiir
917 2546 972 2594 alle
997 2543 1152 2608 gebildeten
1171 2545 1277 2594 Volker
1299 2544 1350 2594 und
1436 2577 1444 2590 ..

298 2631 396 2686 zeiten
415 2633 501 2681 ward.
519 2640 557 2668 ·‘··
575 2634 676 2697 Postea
694 2627 809 2694 (lones)
833 2631 937 2680 Dianae
961 2626 1128 2680 constituere
1152 2632 1246 2680 aedem
1266 2643 1349 2692 quae-

296 2721 403 2782 rentes,
430 2715 507 2766 novi
530 2717 668 2780 generis
691 2717 840 2778 speciem
864 2749 891 2764 ..
916 2717 949 2764 ad
971 2716 1127 2766 muliebrem
1152 2718 1350 2766 transtulerunt

297 2803 479 2866 gracilitatem
501 2802 605 2850 vitruv.
625 2803 673 2864 lV,
693 2799 717 2850 1.
794 2797 829 2863 2)
850 2803 995 2850 Thalamus
1012 2801 1100 2851 lonici
1118 2801 1220 2851 ordinis
1239 2801 1268 2850 io
1288 2803 1349 2850 the-

297 2899 379 2936 sauro
403 2889 476 2951 erat,
500 2896 577 2948 quem
597 2887 697 2947 Myron
715 2885 906 2948 licyonlurum
929 2889 1063 2948 tyrannus
1087 2888 1231 2949 Olympiae
1254 2887 1350 2937 condi·
1443 2887 1444 2930 i

297 2972 336 3024 ott
355 2973 391 3022 ol.
411 2971 552 3036 trigesima
570 2971 660 3022 tertia.
679 2973 794 3021 Pausan.
813 2971 866 3038 Vl,
888 2968 936 3038 19,
957 2969 981 3021 l.
1000 2971 1026 3021 2.
1133 2967 1167 3036 3)
1187 2973 1351 3035 Simpliciter

297 3058 368 3108 enim
392 3058 542 3109 Pausanias
564 3060 681 3108 alterum
703 3059 847 3124 thalamum
871 3057 991 3108 doricum
1021 3059 1136 3108 alterum
1162 3061 1284 3127 ἐργασίας
1306 3055 1352 3124 τῆς

295 3137 384 3194 Ἰώνων
403 3145 488 3195 luisse
507 3144 587 3208 dixit;
606 3145 646 3195 ita
663 3147 704 3208 ut,
726 3153 857 3206 quaenam
875 3149 968 3206 partes
988 3144 1096 3195 lonicus
1114 3149 1270 3194 structurae
1288 3145 1351 3194 fue-

287 3230 352 3286 ,rint
374 3231 420 3280 vix
441 3230 560 3294 intelligi
583 3229 679 3292 possit.
786 3224 820 3292 4)
843 3231 959 3280 Mueller
976 3232 1056 3280 Arch.
1075 3232 1101 3283 d.
1119 3231 1152 3280 K.
1170 3225 1195 3294 ξ.
1213 3227 1269 3280 244
1282 3234 1350 3280 extr.
1443 3233 1444 3304 ,

297 3329 323 3378 p.
341 3312 405 3365 298.
477 3311 510 3378 h)
530 3317 575 3366 stc
594 3331 620 3365 v.
639 3330 665 3378 g.
685 3315 712 3364 iu
730 3315 816 3364 ruinis
834 3315 1048 3376 Persepolitauis
1067 3318 1192 3380 volutae,
1212 3327 1284 3377 quae
1303 3329 1351 3366 ca·
1443 3379 1444 3390 χ

298 3402 375 3470 pituli
393 3399 479 3450 louicl
496 3401 614 3464 speciem
634 3403 775 3465 praebent,
797 3413 852 3452 non
869 3401 938 3462 ipsis
960 3402 1094 3452 columnis
1112 3407 1247 3466 tamquam
1273 3403 1351 3464 capl-

298 3488 356 3536 tula
374 3486 517 3547 impositae
534 3490 612 3551 scint,
634 3488 683 3536 sed
701 3489 833 3548 quadrato
852 3485 959 3536 cuidam
976 3488 1086 3548 corpori
1102 3501 1185 3550 supra
1203 3489 1351 3550 capitulum

192 3641 201 3654 Ι
260 3619 270 3636 ,
297 3571 424 3632 lmposlto
444 3572 477 3620 erl
496 3577 612 3633 quatuor
629 3573 718 3626 lutera
735 3571 869 3637 adjectae.
905 3573 962 3622 lter
975 3573 1072 3624 Portet
1085 3575 1200 3626 Travels
1211 3577 1249 3638 pl.
1266 3573 1312 3640 45,
1323 3576 1350 3624 ll.

297 3653 332 3717 o)
356 3659 386 3706 ln
409 3659 517 3708 lleraeo
541 3671 645 3721 quoque
664 3655 770 3726 Samio,
790 3660 860 3722 quoti
883 3658 971 3710 nostri
995 3659 1088 3720 templi
1113 3660 1255 3712 architecti
1272 3664 1352 3722 pater
1443 3671 1444 3686 ι

296 3745 423 3793 Rhoecus
441 3739 610 3808 aedificarat,
636 3747 778 3796 columnas
802 3745 884 3796 solito
907 3746 991 3794 multo
1010 3745 1173 3808 graciliores
1191 3757 1255 3796 esse
1273 3742 1351 3796 athr-

296 3832 384 3894 mant,
404 3829 448 3890 qui
465 3825 545 3892 hujm
569 3830 662 3890 templi
685 3831 778 3885 ruinas
801 3832 973 3896 invenerunt,
993 3833 1073 3894 llugh
1096 3826 1161 3895 (Tr.
1179 3832 1209 3882 in
1227 3831 1307 3882 Cioil.
1327 3832 1350 3897 l,

296 3912 359 3964 287.
377 3910 445 3978 288)
468 3917 497 3964 et
519 3912 648 3964 choiseul
670 3909 712 3980 (l,
735 3919 772 3978 pl.
795 3915 839 3967 53.
858 3912 920 3980 51).
957 3915 998 3968 Gt.
1017 3917 1146 3968 Pocookc
1164 3919 1282 3968 Trevcls
1300 3918 1350 3981 ill,

299 3997 324 4064 l,
335 3997 360 4048 7.
415 3996 448 4062 7)
466 4001 551 4049 Bases
569 3994 691 4063 ejusdem
710 4002 809 4052 Hercei
822 4002 906 4052 samii
924 4001 1058 4054 columnis
1075 4004 1200 4054 subditae
1216 4008 1297 4054 mut
1314 4004 1351 4052 oi.

297 4085 376 4148 liugn
401 4089 429 4136 et
454 4083 581 4136 choiseul
605 4083 728 4138 oorrrfier·
749 4089 779 4138 ll.
798 4089 826 4138 ll.
867 4091 908 4140 llx
930 4087 1017 4140 ruinis
1034 4089 1250 4152 Persepolitanis
1269 4091 1351 4140 bases
