2910 4726
285 296 356 372 154

282 483 344 560 sui,
369 491 408 560 et,
433 479 573 566 nequid
602 481 661 546 bac
691 501 728 544 ex
751 490 842 566 parte
865 478 1071 560 desideretur,
1095 481 1224 550 brevem
1247 482 1341 552 Chri·

282 588 470 662 stianorum,
492 605 573 670 quos
596 585 742 669 Ephesus
766 584 886 662 tulerit,
916 587 1106 669 scriptorum
1129 585 1232 674 adJeci
1254 611 1340 654 men-

283 693 412 756 tionem.

317 907 347 988 1.
395 903 638 1007 AUCTORE&
665 903 743 1003 tol
766 903 824 988 lili
849 902 973 989 rnrn
997 905 1298 990 nwmartltli

655 1016 969 1103 stunsnnmr.

368 1208 519 1284 Primum,
549 1227 640 1291 quem
670 1215 827 1290 tamquam
856 1202 1079 1294 introducitur
1106 1209 1182 1272 citat
1203 1207 1338 1274 Artemi-

280 1309 378 1377 dorus
397 1313 443 1390 ¹),
472 1309 513 1374 de
544 1307 699 1396 ejusmodi
729 1309 849 1374 artibus
878 1313 1042 1395 scripsisse
1065 1331 1182 1374 censeo
1213 1312 1337 1376 Nico-

280 1425 463 1488 stratum;
492 1411 532 1476 ad
562 1434 654 1497 quem
684 1413 820 1478 fortasse
849 1411 1016 1478 referenda
1043 1425 1131 1492 suut,
1165 1435 1247 1498 quac
1277 1413 1336 1492 „de

279 1521 497 1584 matrimonio“
520 1515 605 1601 apud
628 1516 802 1582 Stobaeum
833 1525 954 1581 exstant
983 1516 1158 1604 fragmenta
1175 1519 1218 1597 ²).
1263 1518 1337 1583 Hoc

279 1644 358 1687 vero
393 1621 543 1688 audacter
571 1623 716 1685 nimirum
743 1621 820 1686 inde
849 1623 1008 1706 conjicere
1036 1620 1130 1699 licet,
1163 1619 1251 1706 quod
1288 1643 1337 1686 re-

279 1726 371 1814 gulas
404 1730 466 1790 istc
502 1725 703 1789 Nicostratus
739 1723 823 1811 apud
857 1724 1031 1789 Stobaem‘u
1067 1723 1236 1802 docuerit,
1270 1726 1337 1809 qui·

279 1829 340 1894 bus
370 1840 402 1892 ct
430 1851 467 1892 er
495 1829 743 1916 physiognomia
776 1837 809 1892 et
837 1849 875 1892 cx
901 1849 984 1892 voce
1012 1827 1176 1892 mulierum
1204 1827 1246 1892 de
1269 1849 1336 1892 mo·

279 1931 366 2021 ribus
390 1953 495 1996 earum
519 1942 637 1997 certum
665 1933 740 1996 ferri
763 1934 865 2017 possit
885 1931 1051 2016 judicium3
1074 1936 1173 1997 utitur
1194 1941 1336 2017 praetcr-

207 2043 212 2056 “
281 2056 317 2098 ea
341 2033 478 2099 dialecto
501 2036 618 2114 Ionica,
643 2055 775 2120 cumque
794 2033 1006 2098 Macedonem
1030 2057 1100 2100 csse
1122 2037 1252 2122 negavit
1273 2038 1335 2122 jam

279 2137 468 2203 Schoellius.
513 2138 646 2202 Accedit
668 2137 755 2223 quod
778 2136 961 2223 pontificem
982 2139 1153 2224 Ephesium
1171 2139 1336 2202 Nicostra-

280 2252 344 2307 tum
367 2245 400 2306 in
423 2245 524 2306 numis
548 2242 699 2326 habemus
715 2243 884 2328 Ephesinis
908 2251 939 2305 et
954 2242 1089 2329 Augusti
1112 2253 1144 2305 et
1160 2241 1283 2305 Tiberii
1298 2243 1334 2322 ⁵),

279 2367 414 2431 quocum
437 2367 568 2410 munere
592 2348 744 2436 convenit
772 2365 849 2407 sanc
878 2347 1009 2408 scientia
1031 2344 1100 2424 ilia,
1132 2367 1223 2430 quam
1247 2367 1335 2408 exer·

279 2451 381 2513 coisse
404 2448 518 2514 dicitur
539 2449 751 2512 Nicostratus.
776 2483 816 2498 --
840 2447 907 2512 Sub
926 2447 1089 2512 Hadriano
1113 2458 1145 2512 et
1167 2449 1334 2512 Antonino

279 2541 341 2616 Pio‘
356 2553 388 2633 ⁴)
411 2555 487 2616 vixit
502 2550 781 2616 Artemidorus
798 2552 955 2638 Ephesius
972 2554 1013 2630 ⁵),
1036 2553 1089 2638 qui
1104 2560 1231 2636 practer
1252 2547 1335 2615 ὀνει-

280 2649 455 2740 ροκριτικά,
478 2676 559 2738 quae
582 2653 651 2718 sola
675 2664 810 2720 aetatem
833 2654 975 2738 tulerunt
991 2655 1028 2735 6),
1050 2653 1148 2719 multa
1166 2653 1227 2718 alia
1250 2657 1335 2738 ejus-

278 2755 365 2820 modi
389 2759 503 2840 scriptu
535 2754 698 2845 εᾶἰάἰῌ),
727 2777 807 2840 quae
837 2755 1003 2841 deperdita
1033 2771 1107 2824 sunt
1135 2779 1333 2843 quorumque
1446 2801 1447 2814 η

278 2857 389 2925 titulos
412 2868 531 2924 tantum
554 2861 701 2924 novimus
724 2854 961 2926 οὶωνοσκοπικὰ
984 2871 1016 2928 et
1033 2855 1266 2948 χειροσκοπικά
1289 2861 1333 2943 ⁸).
1446 2851 1447 2856 ¹

279 2959 378 3045 Quod
401 2960 442 3026 ad
464 2959 624 3028 scribendi
647 2983 758 3049 genus,
781 2967 894 3048 quoin
910 2960 1171 3052 ὀνειροκριτικοῖς
1193 2985 1269 3030 usus
1286 2973 1334 3028 est
1446 2959 1447 2962 ’

278 3104 478 3114 m

350 3170 378 3242 l)
398 3177 612 3245 Ouir.l,2extr.
665 3173 695 3240 2)
707 3178 783 3240 Apud
795 3143 1046 3230 §reuerterunt
1060 3141 1157 3232 Gesclr.
1227 3171 1258 3240 3)
1274 3177 1333 3228 Ec-

278 3264 340 3314 irhcl
359 3264 390 3313 D.
403 3266 436 3314 N.
450 3265 485 3331 il,
503 3279 530 3328 p.
544 3261 605 3314 518.
641 3263 759 3328 Augusti
778 3266 820 3313 est
837 3263 939 3314 Mionn.
959 3265 1052 3326 suppl.
1071 3264 1119 3330 Vl,
1138 3260 1190 3312 317
1197 3277 1206 3326 3
1230 3261 1333 3312 Tiberii

276 3349 313 3401 lb.
331 3364 358 3400 n.
376 3347 438 3400 324.
544 3345 1331 3413 t)aetasauctorisexr1›sorrorooonsutuiporssu
1446 3379 1447 3392 t

277 3437 384 3487 σταδιεά
409 3434 479 3484 enim
503 3447 534 3485 sc
558 3447 640 3485 nosse
663 3439 756 3485 narrat
773 3435 800 3500 1,
824 3431 869 3498 28,
893 3433 988 3496 quiin
1005 3435 1172 3486 moeroribus
1190 3433 1332 3499 Hadriani,
1446 3463 1447 3510 7

277 3522 311 3574 ob
329 3520 467 3570 Antonino
491 3519 540 3569 Pio
560 3533 585 3570 a.
612 3516 660 3569 138
683 3519 815 3570 institutis
837 3518 979 3570 victoriam
1002 3517 1109 3570 rettulit
1131 3522 1167 3570 ct.
1186 3521 1215 3587 1,
1239 3533 1263 3570 o.
1284 3517 1329 3569 66.

277 3601 311 3669 5)
330 3603 500 3670 Dnidieuum
519 3618 571 3667 quo
590 3606 752 3668 cognomine
769 3606 921 3668 appellatus
938 3604 1049 3668 saepius
1066 3605 1213 3672 invenitur,
1225 3617 1258 3656 re
1269 3605 1332 3667 ipse
1446 3607 1447 3664 t

277 3689 428 3744 nominavit
444 3703 461 3740 n
480 3691 573 3741 nutris
595 3693 661 3742 urbe
679 3692 768 3753 nutris
791 3688 882 3756 (luid.
901 3705 924 3742 s.
943 3705 969 3742 r.
987 3685 1162 3757 „Artem.“),
1181 3693 1253 3754 quod
1269 3691 1332 3754 inse
1446 3739 1447 3756 ,

277 3780 371 3830 narrat
387 3776 416 3828 iu
433 3789 554 3839 prooem.
567 3777 690 3828 Ouiroor.
744 3771 778 3842 6)
798 3777 920 3840 Quinque
938 3777 1023 3828 libros
1035 3790 1085 3828 nos
1097 3779 1240 3840 hebenum
1260 3787 1331 3840 qut·

278 3862 473 3929 incrementis,
484 3861 527 3926 qui
539 3865 607 3924 oprrd
617 3863 726 3914 suidam
738 3867 801 3914 sunt
814 3857 1014 3932 (ἂινειροκριτικὰ
1026 3866 1051 3914 ἐν
1062 3864 1172 3930 βιβλίοις
1180 3858 1331 3932 τέσσαρσι),

277 3947 406 4016 quintum,
425 3962 477 4011 quo
497 3943 601 4019 ὀνείρων
620 3943 763 4014 ἀποβάσεις
781 3947 962 4016 continentur,
981 3935 1078 4011 postea
1096 3949 1155 4011 ipse
1172 3947 1332 4004 Artemide·

273 4045 324 4086 rus
342 4029 452 4101 adjecit,
471 4039 500 4086 ut
519 4035 613 4087 scribit
631 4037 665 4086 ad
683 4030 766 4084 filium
785 4047 825 4096 pr.
845 4037 876 4086 h.
896 4037 928 4086 V.
1041 4030 1075 4096 7)
1094 4037 1196 4086 Artem.
1214 4033 1263 4099 111,
1283 4029 1331 4086 66.

278 4111 313 4181 8)
332 4118 406 4173 suid.
426 4134 449 4171 s.
469 4137 493 4171 v.
513 4124 590 4188 Quod
609 4122 643 4176 ed
662 4119 862 4183 oeuuosconicn
883 4119 981 4174 attinet
999 4122 1034 4174 ct.
1055 4119 1125 4174 (3.1.
1144 4116 1223 4174 2963.
1243 4133 1268 4170 e.
