<?xml version="1.0" encoding="UTF-8"?>
<!DOCTYPE html PUBLIC "-//W3C//DTD XHTML 1.0 Transitional//EN"
    "http://www.w3.org/TR/xhtml1/DTD/xhtml1-transitional.dtd">
<html xmlns="http://www.w3.org/1999/xhtml" xml:lang="en" lang="en">
 <head>
  <title>
</title>
<meta http-equiv="Content-Type" content="text/html;charset=utf-8" />
  <meta name='ocr-system' content='tesseract 3.04.00' />
  <meta name='ocr-capabilities' content='ocr_page ocr_carea ocr_par ocr_line ocrx_word'/>
</head>
<body>
  <div class='ocr_page' id='page_1' title='image "./ephesiaca00guhlgoog_0127.png"; bbox 0 0 2916 4722; ppageno 0'>
   <div class='ocr_carea' id='block_1_1' title="bbox 277 292 348 366">
    <p class='ocr_par' dir='ltr' id='par_1_1' title="bbox 277 292 348 366">
     <span class='ocr_line' id='line_1_1' title="bbox 277 292 348 366; baseline 0 0"><span class='ocrx_word' id='word_1_1' title='bbox 277 292 348 366; x_wconf 87' lang='grc'>196</span> 
     </span>
    </p>
   </div>
   <div class='ocr_carea' id='block_1_2' title="bbox 223 471 1335 1599">
    <p class='ocr_par' dir='ltr' id='par_1_2' title="bbox 223 471 1331 1070">
     <span class='ocr_line' id='line_1_2' title="bbox 275 471 1331 558; baseline -0.007 -17"><span class='ocrx_word' id='word_1_2' title='bbox 275 481 327 544; x_wconf 81' lang='lat' dir='ltr'>vix</span> <span class='ocrx_word' id='word_1_3' title='bbox 349 473 523 542; x_wconf 90' lang='lat' dir='ltr'>mirandum</span> <span class='ocrx_word' id='word_1_4' title='bbox 546 484 595 538; x_wconf 89' lang='lat' dir='ltr'>est</span> <span class='ocrx_word' id='word_1_5' title='bbox 616 476 649 538; x_wconf 92' lang='lat' dir='ltr'>in</span> <span class='ocrx_word' id='word_1_6' title='bbox 679 494 788 538; x_wconf 89' lang='lat' dir='ltr'>eornm</span> <span class='ocrx_word' id='word_1_7' title='bbox 818 473 948 536; x_wconf 89' lang='lat' dir='ltr'>nomine</span> <span class='ocrx_word' id='word_1_8' title='bbox 976 471 1166 558; x_wconf 81' lang='lat' dir='ltr'>peregrinae</span> <span class='ocrx_word' id='word_1_9' title='bbox 1195 471 1331 557; x_wconf 77' lang='lat' dir='ltr'>originis</span> 
     </span>
     <span class='ocr_line' id='line_1_3' title="bbox 275 573 1331 669; baseline -0.009 -23"><span class='ocrx_word' id='word_1_10' title='bbox 275 583 408 669; x_wconf 82' lang='lat' dir='ltr'>vestigia</span> <span class='ocrx_word' id='word_1_11' title='bbox 431 579 641 664; x_wconf 84' lang='lat' dir='ltr'>apparere³).</span> <span class='ocrx_word' id='word_1_12' title='bbox 688 575 904 662; x_wconf 81' lang='lat' dir='ltr'>Megabyzi</span> <span class='ocrx_word' id='word_1_13' title='bbox 919 576 967 653; x_wconf 81' lang='lat'>⁴),</span> <span class='ocrx_word' id='word_1_14' title='bbox 997 577 1080 638; x_wconf 88' lang='lat' dir='ltr'>enim</span> <span class='ocrx_word' id='word_1_15' title='bbox 1103 577 1170 638; x_wconf 87' lang='lat' dir='ltr'>sive</span> <span class='ocrx_word' id='word_1_16' title='bbox 1191 573 1331 660; x_wconf 74' lang='lat' dir='ltr'>Mega-</span> 
     </span>
     <span class='ocr_line' id='line_1_4' title="bbox 276 674 1331 768; baseline -0.008 -20"><span class='ocrx_word' id='word_1_17' title='bbox 276 684 343 748; x_wconf 91' lang='lat' dir='ltr'>lob</span> <span class='ocrx_word' id='word_1_18' title='bbox 350 686 416 768; x_wconf 87' lang='lat' dir='ltr'>yzi</span> <span class='ocrx_word' id='word_1_19' title='bbox 431 685 478 761; x_wconf 73' lang='grc'>5),-</span> <span class='ocrx_word' id='word_1_20' title='bbox 496 684 625 746; x_wconf 90' lang='lat' dir='ltr'>nomine</span> <span class='ocrx_word' id='word_1_21' title='bbox 648 678 841 766; x_wconf 83' lang='lat' dir='ltr'>appellativo</span> <span class='ocrx_word' id='word_1_22' title='bbox 858 680 892 759; x_wconf 87' lang='grc'>6)</span> <span class='ocrx_word' id='word_1_23' title='bbox 915 677 1100 756; x_wconf 82' lang='lat' dir='ltr'>audiebant,</span> <span class='ocrx_word' id='word_1_24' title='bbox 1123 674 1211 761; x_wconf 90' lang='lat' dir='ltr'>quod</span> <span class='ocrx_word' id='word_1_25' title='bbox 1234 697 1331 760; x_wconf 91' lang='lat' dir='ltr'>quum</span> 
     </span>
     <span class='ocr_line' id='line_1_5' title="bbox 276 780 1331 871; baseline -0.008 -20"><span class='ocrx_word' id='word_1_26' title='bbox 276 787 457 871; x_wconf 80' lang='lat' dir='ltr'>saepissime</span> <span class='ocrx_word' id='word_1_27' title='bbox 479 783 565 869; x_wconf 89' lang='lat' dir='ltr'>apud</span> <span class='ocrx_word' id='word_1_28' title='bbox 588 785 699 848; x_wconf 81' lang='lat' dir='ltr'>Persas</span> <span class='ocrx_word' id='word_1_29' title='bbox 727 781 890 847; x_wconf 88' lang='lat' dir='ltr'>nobilibus</span> <span class='ocrx_word' id='word_1_30' title='bbox 920 780 1054 845; x_wconf 85' lang='lat' dir='ltr'>inditum</span> <span class='ocrx_word' id='word_1_31' title='bbox 1080 783 1280 844; x_wconf 83' lang='lat' dir='ltr'>inveniamus</span> <span class='ocrx_word' id='word_1_32' title='bbox 1296 782 1331 860; x_wconf 83' lang='lat'>⁷)</span> 
     </span>
     <span class='ocr_line' id='line_1_6' title="bbox 276 883 1330 972; baseline -0.009 -18"><span class='ocrx_word' id='word_1_33' title='bbox 276 911 315 954; x_wconf 89' lang='lat' dir='ltr'>ex</span> <span class='ocrx_word' id='word_1_34' title='bbox 329 887 460 953; x_wconf 88' lang='lat' dir='ltr'>Perside</span> <span class='ocrx_word' id='word_1_35' title='bbox 482 888 677 972; x_wconf 88' lang='lat' dir='ltr'>potissimum</span> <span class='ocrx_word' id='word_1_36' title='bbox 700 884 882 950; x_wconf 85' lang='lat' dir='ltr'>sacerdotes</span> <span class='ocrx_word' id='word_1_37' title='bbox 904 887 983 949; x_wconf 87' lang='lat' dir='ltr'>istos</span> <span class='ocrx_word' id='word_1_38' title='bbox 1006 883 1160 948; x_wconf 89' lang='lat' dir='ltr'>collectos</span> <span class='ocrx_word' id='word_1_39' title='bbox 1185 903 1256 946; x_wconf 89' lang='lat' dir='ltr'>esse</span> <span class='ocrx_word' id='word_1_40' title='bbox 1277 885 1330 945; x_wconf 84' lang='lat' dir='ltr'>vix</span> 
     </span>
     <span class='ocr_line' id='line_1_7' title="bbox 223 988 617 1070; baseline -0.015 -12"><span class='ocrx_word' id='word_1_41' title='bbox 223 988 227 996; x_wconf 76' lang='grc'>’</span> <span class='ocrx_word' id='word_1_42' title='bbox 276 990 484 1058; x_wconf 84' lang='lat' dir='ltr'>dubitandum</span> <span class='ocrx_word' id='word_1_43' title='bbox 509 991 617 1070; x_wconf 84' lang='lat' dir='ltr'>est⁸).</span> 
     </span>
    </p>

    <p class='ocr_par' dir='ltr' id='par_1_3' title="bbox 272 1092 1335 1599">
     <span class='ocr_line' id='line_1_8' title="bbox 321 1092 1331 1176; baseline -0.007 -17"><span class='ocrx_word' id='word_1_44' title='bbox 321 1165 326 1172; x_wconf 58' lang='grc'>,</span> <span class='ocrx_word' id='word_1_45' title='bbox 365 1093 573 1159; x_wconf 79' lang='lat' dir='ltr'>sacerdotum</span> <span class='ocrx_word' id='word_1_46' title='bbox 595 1113 731 1157; x_wconf 90' lang='lat' dir='ltr'>summus</span> <span class='ocrx_word' id='word_1_47' title='bbox 754 1101 850 1176; x_wconf 86' lang='lat' dir='ltr'>atque</span> <span class='ocrx_word' id='word_1_48' title='bbox 877 1094 1026 1176; x_wconf 88' lang='lat' dir='ltr'>princeps</span> <span class='ocrx_word' id='word_1_49' title='bbox 1047 1092 1176 1154; x_wconf 88' lang='lat' dir='ltr'>Essen</span> <span class='ocrx_word' id='word_1_50' title='bbox 1200 1097 1277 1165; x_wconf 88' lang='lat' dir='ltr'>erat,</span> <span class='ocrx_word' id='word_1_51' title='bbox 1298 1099 1331 1152; x_wconf 89' lang='lat' dir='ltr'>et</span> 
     </span>
     <span class='ocr_line' id='line_1_9' title="bbox 276 1190 1329 1284; baseline -0.009 -21"><span class='ocrx_word' id='word_1_52' title='bbox 276 1201 360 1263; x_wconf 86' lang='lat' dir='ltr'>Rex</span> <span class='ocrx_word' id='word_1_53' title='bbox 383 1197 559 1284; x_wconf 86' lang='lat' dir='ltr'>appellatus</span> <span class='ocrx_word' id='word_1_54' title='bbox 576 1197 608 1274; x_wconf 84' lang='lat'>⁹)</span> <span class='ocrx_word' id='word_1_55' title='bbox 639 1205 670 1260; x_wconf 86' lang='lat' dir='ltr'>et</span> <span class='ocrx_word' id='word_1_56' title='bbox 692 1193 942 1281; x_wconf 81' lang='lat' dir='ltr'>Megabyzus</span> <span class='ocrx_word' id='word_1_57' title='bbox 959 1195 1015 1273; x_wconf 84' lang='lat'>¹⁰),</span> <span class='ocrx_word' id='word_1_58' title='bbox 1043 1215 1136 1278; x_wconf 86' lang='lat' dir='ltr'>quem</span> <span class='ocrx_word' id='word_1_59' title='bbox 1159 1201 1192 1256; x_wconf 85' lang='lat' dir='ltr'>et</span> <span class='ocrx_word' id='word_1_60' title='bbox 1213 1190 1329 1276; x_wconf 91' lang='lat' dir='ltr'>simpli-</span> 
     </span>
     <span class='ocr_line' id='line_1_10' title="bbox 277 1296 1330 1386; baseline -0.008 -20"><span class='ocrx_word' id='word_1_61' title='bbox 277 1306 355 1366; x_wconf 90' lang='lat' dir='ltr'>citer</span> <span class='ocrx_word' id='word_1_62' title='bbox 376 1305 464 1386; x_wconf 80' lang='grc' dir='ltr'><em>ἱερέα</em></span> <span class='ocrx_word' id='word_1_63' title='bbox 483 1302 529 1379; x_wconf 91' lang='lat'>¹¹)</span> <span class='ocrx_word' id='word_1_64' title='bbox 560 1309 598 1376; x_wconf 90' lang='lat' dir='ltr'>et,</span> <span class='ocrx_word' id='word_1_65' title='bbox 622 1297 708 1383; x_wconf 90' lang='lat' dir='ltr'>quod</span> <span class='ocrx_word' id='word_1_66' title='bbox 731 1297 905 1384; x_wconf 86' lang='lat' dir='ltr'>legitimum</span> <span class='ocrx_word' id='word_1_67' title='bbox 934 1299 1002 1382; x_wconf 88' lang='lat' dir='ltr'>ejus</span> <span class='ocrx_word' id='word_1_68' title='bbox 1025 1317 1141 1361; x_wconf 91' lang='lat' dir='ltr'>nomen</span> <span class='ocrx_word' id='word_1_69' title='bbox 1164 1296 1263 1360; x_wconf 87' lang='lat' dir='ltr'>fuisse</span> <span class='ocrx_word' id='word_1_70' title='bbox 1285 1298 1330 1358; x_wconf 91' lang='lat' dir='ltr'>vi-</span> 
     </span>
     <span class='ocr_line' id='line_1_11' title="bbox 276 1395 1330 1492; baseline -0.009 -21"><span class='ocrx_word' id='word_1_71' title='bbox 276 1405 376 1482; x_wconf 85' lang='lat' dir='ltr'>detur,</span> <span class='ocrx_word' id='word_1_72' title='bbox 399 1403 550 1492; x_wconf 74' lang='grc' dir='ltr'><strong>ἀρχιερέα</strong></span> <span class='ocrx_word' id='word_1_73' title='bbox 574 1401 690 1466; x_wconf 89' lang='lat' dir='ltr'>dictum</span> <span class='ocrx_word' id='word_1_74' title='bbox 713 1403 890 1464; x_wconf 88' lang='lat' dir='ltr'>invenimus</span> <span class='ocrx_word' id='word_1_75' title='bbox 907 1401 967 1482; x_wconf 70' lang='grc' dir='ltr'>η),</span> <span class='ocrx_word' id='word_1_76' title='bbox 989 1409 1025 1464; x_wconf 90' lang='lat' dir='ltr'>ut</span> <span class='ocrx_word' id='word_1_77' title='bbox 1046 1421 1159 1464; x_wconf 91' lang='lat' dir='ltr'>munus</span> <span class='ocrx_word' id='word_1_78' title='bbox 1182 1401 1252 1484; x_wconf 86' lang='lat' dir='ltr'>ejus</span> <span class='ocrx_word' id='word_1_79' title='bbox 1275 1395 1330 1484; x_wconf 77' lang='grc' dir='ltr'>ἆρ-</span> 
     </span>
     <span class='ocr_line' id='line_1_12' title="bbox 272 1503 1335 1599; baseline -0.01 -25"><span class='ocrx_word' id='word_1_80' title='bbox 272 1503 473 1598; x_wconf 81' lang='grc' dir='ltr'><strong>χιερωσύνην</strong></span> <span class='ocrx_word' id='word_1_81' title='bbox 490 1507 546 1586; x_wconf 82' lang='lat' dir='ltr'>l³).</span> <span class='ocrx_word' id='word_1_82' title='bbox 592 1503 695 1590; x_wconf 81' lang='lat' dir='ltr'>Cujus</span> <span class='ocrx_word' id='word_1_83' title='bbox 724 1513 811 1568; x_wconf 84' lang='lat' dir='ltr'>tanta</span> <span class='ocrx_word' id='word_1_84' title='bbox 835 1513 903 1568; x_wconf 87' lang='lat' dir='ltr'>erat</span> <span class='ocrx_word' id='word_1_85' title='bbox 925 1507 1110 1581; x_wconf 74' lang='lat' dir='ltr'>auctoritaS,</span> <span class='ocrx_word' id='word_1_86' title='bbox 1139 1511 1187 1580; x_wconf 90' lang='grc' dir='ltr'><strong>ιιι,</strong></span> <span class='ocrx_word' id='word_1_87' title='bbox 1210 1503 1238 1565; x_wconf 89' lang='lat' dir='ltr'>si</span> <span class='ocrx_word' id='word_1_88' title='bbox 1261 1503 1335 1599; x_wconf 69' lang='lat' dir='ltr'>quisr</span> 
     </span>
    </p>
   </div>
   <div class='ocr_carea' id='block_1_3' title="bbox 275 1609 1328 1678">
    <p class='ocr_par' dir='ltr' id='par_1_4' title="bbox 275 1609 1328 1678">
     <span class='ocr_line' id='line_1_13' title="bbox 275 1609 1328 1678; baseline -0.008 -1"><span class='ocrx_word' id='word_1_89' title='bbox 275 1635 349 1678; x_wconf 88' lang='lat' dir='ltr'>reus</span> <span class='ocrx_word' id='word_1_90' title='bbox 377 1613 532 1678; x_wconf 89' lang='lat' dir='ltr'>theoriam</span> <span class='ocrx_word' id='word_1_91' title='bbox 562 1609 691 1674; x_wconf 88' lang='lat' dir='ltr'>ducenti</span> <span class='ocrx_word' id='word_1_92' title='bbox 720 1609 847 1674; x_wconf 89' lang='lat' dir='ltr'>obviam</span> <span class='ocrx_word' id='word_1_93' title='bbox 875 1609 999 1673; x_wconf 87' lang='lat' dir='ltr'>venerit</span> <span class='ocrx_word' id='word_1_94' title='bbox 1027 1617 1059 1670; x_wconf 88' lang='lat' dir='ltr'>et</span> <span class='ocrx_word' id='word_1_95' title='bbox 1086 1609 1120 1670; x_wconf 90' lang='lat' dir='ltr'>in</span> <span class='ocrx_word' id='word_1_96' title='bbox 1146 1609 1328 1670; x_wconf 86' lang='lat' dir='ltr'>universum</span> 
     </span>
    </p>
   </div>
   <div class='ocr_carea' id='block_1_4' title="bbox 239 1871 1329 2203">
    <p class='ocr_par' dir='ltr' id='par_1_5' title="bbox 239 1871 1329 2203">
     <span class='ocr_line' id='line_1_14' title="bbox 345 1871 1328 1940; baseline -0.004 -14"><span class='ocrx_word' id='word_1_97' title='bbox 345 1872 380 1940; x_wconf 89' lang='grc'>3)</span> <span class='ocrx_word' id='word_1_98' title='bbox 399 1877 512 1926; x_wconf 76' lang='lat' dir='ltr'>Temere</span> <span class='ocrx_word' id='word_1_99' title='bbox 530 1877 647 1940; x_wconf 80' lang='lat' dir='ltr'>Magnus</span> <span class='ocrx_word' id='word_1_100' title='bbox 671 1876 753 1924; x_wconf 85' lang='lat' dir='ltr'>Beeth</span> <span class='ocrx_word' id='word_1_101' title='bbox 775 1875 878 1936; x_wconf 78' lang='lat' dir='ltr'>nempl.</span> <span class='ocrx_word' id='word_1_102' title='bbox 901 1875 933 1923; x_wconf 88' lang='lat' dir='ltr'>D.</span> <span class='ocrx_word' id='word_1_103' title='bbox 956 1875 1022 1936; x_wconf 82' lang='lat' dir='ltr'>Bph.</span> <span class='ocrx_word' id='word_1_104' title='bbox 1041 1889 1068 1936; x_wconf 92' lang='lat' dir='ltr'>p.</span> <span class='ocrx_word' id='word_1_105' title='bbox 1086 1871 1122 1922; x_wconf 89' lang='grc'>20</span> <span class='ocrx_word' id='word_1_106' title='bbox 1140 1871 1263 1936; x_wconf 82' lang='lat' dir='ltr'>virgines</span> <span class='ocrx_word' id='word_1_107' title='bbox 1281 1885 1328 1922; x_wconf 92' lang='lat' dir='ltr'>sa·</span> 
     </span>
     <span class='ocr_line' id='line_1_15' title="bbox 276 1956 1329 2025; baseline -0.008 -11"><span class='ocrx_word' id='word_1_108' title='bbox 276 1964 402 2014; x_wconf 89' lang='lat' dir='ltr'>cerdotes</span> <span class='ocrx_word' id='word_1_109' title='bbox 420 1985 453 1997; x_wconf 92' lang='lat'>-</span> <span class='ocrx_word' id='word_1_110' title='bbox 473 1963 506 2010; x_wconf 88' lang='lat' dir='ltr'>de</span> <span class='ocrx_word' id='word_1_111' title='bbox 524 1961 565 2009; x_wconf 88' lang='lat' dir='ltr'>his</span> <span class='ocrx_word' id='word_1_112' title='bbox 575 1959 655 2010; x_wconf 78' lang='lat' dir='ltr'>enim</span> <span class='ocrx_word' id='word_1_113' title='bbox 672 1973 770 2010; x_wconf 90' lang='lat' dir='ltr'>nomen</span> <span class='ocrx_word' id='word_1_114' title='bbox 787 1961 860 2010; x_wconf 80' lang='lat' dir='ltr'>falso</span> <span class='ocrx_word' id='word_1_115' title='bbox 878 1959 1059 2024; x_wconf 81' lang='lat' dir='ltr'>intelligit-</span> <span class='ocrx_word' id='word_1_116' title='bbox 1076 1961 1209 2025; x_wconf 88' lang='lat' dir='ltr'>„propter</span> <span class='ocrx_word' id='word_1_117' title='bbox 1227 1956 1329 2007; x_wconf 88' lang='lat' dir='ltr'>demis·</span> 
     </span>
     <span class='ocr_line' id='line_1_16' title="bbox 276 2038 1328 2112; baseline -0.005 -13"><span class='ocrx_word' id='word_1_118' title='bbox 276 2061 322 2099; x_wconf 81' lang='lat' dir='ltr'>sas</span> <span class='ocrx_word' id='word_1_119' title='bbox 339 2049 432 2097; x_wconf 87' lang='lat' dir='ltr'>vestes</span> <span class='ocrx_word' id='word_1_120' title='bbox 450 2038 681 2112; x_wconf 53' lang='lat' dir='ltr'>hryalossiouovd‘</span> <span class='ocrx_word' id='word_1_121' title='bbox 699 2045 785 2096; x_wconf 86' lang='lat' dir='ltr'>dictas</span> <span class='ocrx_word' id='word_1_122' title='bbox 804 2049 907 2096; x_wconf 78' lang='lat' dir='ltr'>censet.</span> <span class='ocrx_word' id='word_1_123' title='bbox 987 2039 1023 2109; x_wconf 94' lang='grc'>4)</span> <span class='ocrx_word' id='word_1_124' title='bbox 1041 2045 1159 2106; x_wconf 82' lang='lat' dir='ltr'>Hesych.</span> <span class='ocrx_word' id='word_1_125' title='bbox 1178 2057 1201 2092; x_wconf 91' lang='lat' dir='ltr'>s.</span> <span class='ocrx_word' id='word_1_126' title='bbox 1220 2057 1246 2093; x_wconf 87' lang='lat' dir='ltr'>r.</span> <span class='ocrx_word' id='word_1_127' title='bbox 1266 2045 1328 2094; x_wconf 82' lang='grc' dir='ltr'>Με-</span> 
     </span>
     <span class='ocr_line' id='line_1_17' title="bbox 239 2107 1329 2203; baseline -0.007 -17"><span class='ocrx_word' id='word_1_128' title='bbox 239 2194 242 2203; x_wconf 95' lang='lat'>.</span> <span class='ocrx_word' id='word_1_129' title='bbox 275 2131 392 2203; x_wconf 61' lang='grc' dir='ltr'><strong>γιβύζιοι</strong></span> <span class='ocrx_word' id='word_1_130' title='bbox 409 2131 491 2198; x_wconf 74' lang='grc' dir='ltr'><strong>λόγοι.</strong></span> <span class='ocrx_word' id='word_1_131' title='bbox 509 2153 546 2166; x_wconf 87' lang='grc'><strong>-</strong></span> <span class='ocrx_word' id='word_1_132' title='bbox 564 2130 669 2182; x_wconf 81' lang='lat' dir='ltr'>Aelian.</span> <span class='ocrx_word' id='word_1_133' title='bbox 687 2132 721 2184; x_wconf 87' lang='lat' dir='ltr'>V.</span> <span class='ocrx_word' id='word_1_134' title='bbox 740 2131 842 2182; x_wconf 84' lang='lat' dir='ltr'>ilistor.</span> <span class='ocrx_word' id='word_1_135' title='bbox 860 2133 900 2199; x_wconf 91' lang='grc'>11,</span> <span class='ocrx_word' id='word_1_136' title='bbox 920 2131 938 2182; x_wconf 88' lang='grc'>2</span> <span class='ocrx_word' id='word_1_137' title='bbox 959 2131 1050 2195; x_wconf 76' lang='lat' dir='ltr'>itique</span> <span class='ocrx_word' id='word_1_138' title='bbox 1066 2129 1235 2182; x_wconf 77' lang='lat' dir='ltr'>Perizonius.</span> <span class='ocrx_word' id='word_1_139' title='bbox 1294 2107 1329 2192; x_wconf 75' lang='grc'>5)</span> 
     </span>
    </p>
   </div>
   <div class='ocr_carea' id='block_1_5' title="bbox 274 2210 1329 4164">
    <p class='ocr_par' dir='ltr' id='par_1_6' title="bbox 274 2210 1329 4164">
     <span class='ocr_line' id='line_1_18' title="bbox 276 2210 1327 2284; baseline -0.008 -12"><span class='ocrx_word' id='word_1_140' title='bbox 276 2223 365 2272; x_wconf 80' lang='lat' dir='ltr'>Strah.</span> <span class='ocrx_word' id='word_1_141' title='bbox 383 2221 402 2270; x_wconf 93' lang='lat' dir='ltr'>l.</span> <span class='ocrx_word' id='word_1_142' title='bbox 415 2221 434 2270; x_wconf 99' lang='lat' dir='ltr'>l.</span> <span class='ocrx_word' id='word_1_143' title='bbox 445 2245 480 2254; x_wconf 89' lang='lat'>-</span> <span class='ocrx_word' id='word_1_144' title='bbox 490 2219 578 2268; x_wconf 87' lang='lat' dir='ltr'>Plaut.</span> <span class='ocrx_word' id='word_1_145' title='bbox 597 2219 693 2268; x_wconf 80' lang='lat' dir='ltr'>Bacch.</span> <span class='ocrx_word' id='word_1_146' title='bbox 711 2218 747 2284; x_wconf 88' lang='grc'>11,</span> <span class='ocrx_word' id='word_1_147' title='bbox 761 2217 788 2284; x_wconf 90' lang='lat'>3,</span> <span class='ocrx_word' id='word_1_148' title='bbox 803 2217 845 2268; x_wconf 91' lang='grc'>74.</span> <span class='ocrx_word' id='word_1_149' title='bbox 899 2210 934 2281; x_wconf 93' lang='grc'>6)</span> <span class='ocrx_word' id='word_1_150' title='bbox 952 2218 1118 2267; x_wconf 76' lang='grc' dir='ltr'><strong>Τιιιιιιιιιιιιιι.</strong></span> <span class='ocrx_word' id='word_1_151' title='bbox 1130 2217 1163 2265; x_wconf 80' lang='lat' dir='ltr'>sd</span> <span class='ocrx_word' id='word_1_152' title='bbox 1176 2216 1267 2266; x_wconf 89' lang='lat' dir='ltr'>Plant.</span> <span class='ocrx_word' id='word_1_153' title='bbox 1280 2215 1327 2264; x_wconf 95' lang='grc'>1.1.</span> 
     </span>
     <span class='ocr_line' id='line_1_19' title="bbox 274 2302 1327 2374; baseline -0.007 -17"><span class='ocrx_word' id='word_1_154' title='bbox 274 2323 301 2370; x_wconf 89' lang='lat' dir='ltr'>p.</span> <span class='ocrx_word' id='word_1_155' title='bbox 314 2303 377 2374; x_wconf 98' lang='grc'>469,</span> <span class='ocrx_word' id='word_1_156' title='bbox 391 2305 582 2370; x_wconf 72' lang='lat' dir='ltr'>appellativum</span> <span class='ocrx_word' id='word_1_157' title='bbox 596 2304 697 2354; x_wconf 86' lang='lat' dir='ltr'>factum</span> <span class='ocrx_word' id='word_1_158' title='bbox 710 2308 754 2354; x_wconf 89' lang='lat' dir='ltr'>est</span> <span class='ocrx_word' id='word_1_159' title='bbox 766 2317 800 2354; x_wconf 86' lang='lat' dir='ltr'>ex</span> <span class='ocrx_word' id='word_1_160' title='bbox 813 2304 933 2370; x_wconf 88' lang='lat' dir='ltr'>proprio,</span> <span class='ocrx_word' id='word_1_161' title='bbox 946 2305 1015 2367; x_wconf 79' lang='lat' dir='ltr'>quod</span> <span class='ocrx_word' id='word_1_162' title='bbox 1029 2304 1099 2364; x_wconf 89' lang='lat' dir='ltr'>apud</span> <span class='ocrx_word' id='word_1_163' title='bbox 1111 2302 1211 2351; x_wconf 84' lang='lat' dir='ltr'>Persas</span> <span class='ocrx_word' id='word_1_164' title='bbox 1223 2302 1327 2364; x_wconf 80' lang='lat' dir='ltr'>tuerat3</span> 
     </span>
     <span class='ocr_line' id='line_1_20' title="bbox 275 2387 1328 2456; baseline -0.008 -13"><span class='ocrx_word' id='word_1_165' title='bbox 275 2395 442 2444; x_wconf 88' lang='lat' dir='ltr'>Burmannus</span> <span class='ocrx_word' id='word_1_166' title='bbox 454 2395 550 2443; x_wconf 88' lang='lat' dir='ltr'>contra</span> <span class='ocrx_word' id='word_1_167' title='bbox 562 2393 595 2440; x_wconf 90' lang='lat' dir='ltr'>ad</span> <span class='ocrx_word' id='word_1_168' title='bbox 609 2391 719 2452; x_wconf 83' lang='lat' dir='ltr'>Quintil.</span> <span class='ocrx_word' id='word_1_169' title='bbox 731 2391 766 2456; x_wconf 91' lang='lat' dir='ltr'>V,</span> <span class='ocrx_word' id='word_1_170' title='bbox 777 2389 810 2440; x_wconf 89' lang='grc'>12</span> <span class='ocrx_word' id='word_1_171' title='bbox 829 2390 963 2452; x_wconf 89' lang='lat' dir='ltr'>proprium</span> <span class='ocrx_word' id='word_1_172' title='bbox 982 2388 1068 2438; x_wconf 84' lang='lat' dir='ltr'>fuisse</span> <span class='ocrx_word' id='word_1_173' title='bbox 1081 2391 1185 2454; x_wconf 88' lang='lat' dir='ltr'>censet,</span> <span class='ocrx_word' id='word_1_174' title='bbox 1204 2387 1250 2436; x_wconf 94' lang='lat' dir='ltr'>cui</span> <span class='ocrx_word' id='word_1_175' title='bbox 1262 2399 1328 2436; x_wconf 87' lang='lat' dir='ltr'>sen-</span> 
     </span>
     <span class='ocr_line' id='line_1_21' title="bbox 276 2471 1329 2542; baseline -0.008 -12"><span class='ocrx_word' id='word_1_176' title='bbox 276 2479 379 2530; x_wconf 89' lang='lat' dir='ltr'>tentiae</span> <span class='ocrx_word' id='word_1_177' title='bbox 397 2481 507 2540; x_wconf 90' lang='lat' dir='ltr'>praeter</span> <span class='ocrx_word' id='word_1_178' title='bbox 529 2479 628 2527; x_wconf 89' lang='lat' dir='ltr'>multas</span> <span class='ocrx_word' id='word_1_179' title='bbox 650 2477 719 2527; x_wconf 84' lang='lat' dir='ltr'>alias</span> <span class='ocrx_word' id='word_1_180' title='bbox 741 2475 879 2542; x_wconf 83' lang='lat' dir='ltr'>rationes,</span> <span class='ocrx_word' id='word_1_181' title='bbox 902 2475 989 2539; x_wconf 86' lang='lat' dir='ltr'>qualis</span> <span class='ocrx_word' id='word_1_182' title='bbox 1012 2471 1154 2524; x_wconf 80' lang='lat' dir='ltr'>strabonis</span> <span class='ocrx_word' id='word_1_183' title='bbox 1177 2472 1329 2523; x_wconf 86' lang='lat' dir='ltr'>auctoritas</span> 
     </span>
     <span class='ocr_line' id='line_1_22' title="bbox 276 2559 1328 2630; baseline -0.006 -16"><span class='ocrx_word' id='word_1_184' title='bbox 276 2567 332 2630; x_wconf 87' lang='lat' dir='ltr'>est,</span> <span class='ocrx_word' id='word_1_185' title='bbox 360 2565 405 2612; x_wconf 91' lang='lat' dir='ltr'>vel</span> <span class='ocrx_word' id='word_1_186' title='bbox 426 2565 487 2612; x_wconf 90' lang='lat' dir='ltr'>sola</span> <span class='ocrx_word' id='word_1_187' title='bbox 509 2559 589 2626; x_wconf 85' lang='lat' dir='ltr'>hujus</span> <span class='ocrx_word' id='word_1_188' title='bbox 612 2562 727 2614; x_wconf 86' lang='lat' dir='ltr'>nominis</span> <span class='ocrx_word' id='word_1_189' title='bbox 754 2563 823 2623; x_wconf 89' lang='lat' dir='ltr'>apud</span> <span class='ocrx_word' id='word_1_190' title='bbox 846 2561 979 2624; x_wconf 78' lang='lat' dir='ltr'>Ephesios</span> <span class='ocrx_word' id='word_1_191' title='bbox 1005 2559 1158 2624; x_wconf 73' lang='lat' dir='ltr'>frequentia</span> <span class='ocrx_word' id='word_1_192' title='bbox 1184 2562 1328 2622; x_wconf 83' lang='lat' dir='ltr'>repugnat.</span> 
     </span>
     <span class='ocr_line' id='line_1_23' title="bbox 275 2640 1328 2712; baseline -0.004 -14"><span class='ocrx_word' id='word_1_193' title='bbox 275 2649 446 2712; x_wconf 78' lang='lat' dir='ltr'>Megabyzus</span> <span class='ocrx_word' id='word_1_194' title='bbox 463 2647 534 2696; x_wconf 88' lang='lat' dir='ltr'>enim</span> <span class='ocrx_word' id='word_1_195' title='bbox 553 2649 682 2696; x_wconf 81' lang='lat' dir='ltr'>sacerdos</span> <span class='ocrx_word' id='word_1_196' title='bbox 695 2650 738 2698; x_wconf 86' lang='lat' dir='ltr'>est</span> <span class='ocrx_word' id='word_1_197' title='bbox 755 2647 925 2698; x_wconf 81' lang='lat' dir='ltr'>Heracliti</span> <span class='ocrx_word' id='word_1_198' title='bbox 943 2645 1109 2708; x_wconf 82' lang='lat' dir='ltr'>temporibus</span> <span class='ocrx_word' id='word_1_199' title='bbox 1126 2640 1193 2708; x_wconf 84' lang='lat' dir='ltr'>(Bp.</span> <span class='ocrx_word' id='word_1_200' title='bbox 1206 2647 1272 2695; x_wconf 86' lang='lat' dir='ltr'>ller.</span> <span class='ocrx_word' id='word_1_201' title='bbox 1286 2658 1328 2707; x_wconf 83' lang='lat' dir='ltr'>ap.</span> 
     </span>
     <span class='ocr_line' id='line_1_24' title="bbox 275 2724 1329 2798; baseline -0.002 -14"><span class='ocrx_word' id='word_1_202' title='bbox 275 2732 355 2798; x_wconf 76' lang='lat' dir='ltr'>Diog.</span> <span class='ocrx_word' id='word_1_203' title='bbox 373 2727 492 2798; x_wconf 70' lang='lat' dir='ltr'>baert),</span> <span class='ocrx_word' id='word_1_204' title='bbox 507 2731 693 2792; x_wconf 84' lang='lat' dir='ltr'>Xenophontis</span> <span class='ocrx_word' id='word_1_205' title='bbox 705 2731 880 2782; x_wconf 80' lang='lat' dir='ltr'>Atheniensis</span> <span class='ocrx_word' id='word_1_206' title='bbox 898 2728 982 2796; x_wconf 72' lang='lat' dir='ltr'>(Eup.</span> <span class='ocrx_word' id='word_1_207' title='bbox 997 2731 1062 2794; x_wconf 79' lang='lat' dir='ltr'>cyr.</span> <span class='ocrx_word' id='word_1_208' title='bbox 1080 2733 1115 2798; x_wconf 87' lang='lat' dir='ltr'>V,</span> <span class='ocrx_word' id='word_1_209' title='bbox 1133 2729 1160 2797; x_wconf 88' lang='lat'>3,</span> <span class='ocrx_word' id='word_1_210' title='bbox 1179 2724 1224 2797; x_wconf 92' lang='grc'>6),</span> <span class='ocrx_word' id='word_1_211' title='bbox 1242 2732 1329 2794; x_wconf 82' lang='lat' dir='ltr'>Apel-</span> 
     </span>
     <span class='ocr_line' id='line_1_25' title="bbox 276 2811 1329 2884; baseline -0.003 -15"><span class='ocrx_word' id='word_1_212' title='bbox 276 2819 311 2868; x_wconf 88' lang='lat' dir='ltr'>lis</span> <span class='ocrx_word' id='word_1_213' title='bbox 331 2821 359 2868; x_wconf 84' lang='lat' dir='ltr'>et</span> <span class='ocrx_word' id='word_1_214' title='bbox 372 2816 518 2867; x_wconf 87' lang='lat' dir='ltr'>Alexandri</span> <span class='ocrx_word' id='word_1_215' title='bbox 537 2815 630 2879; x_wconf 86' lang='lat' dir='ltr'>Magni</span> <span class='ocrx_word' id='word_1_216' title='bbox 650 2811 737 2879; x_wconf 89' lang='lat' dir='ltr'>(Plio.</span> <span class='ocrx_word' id='word_1_217' title='bbox 754 2817 867 2882; x_wconf 86' lang='lat' dir='ltr'>XXXV,</span> <span class='ocrx_word' id='word_1_218' title='bbox 888 2811 1005 2884; x_wconf 85' lang='lat'>10,16),</span> <span class='ocrx_word' id='word_1_219' title='bbox 1025 2817 1188 2868; x_wconf 85' lang='lat' dir='ltr'>Philemonis</span> <span class='ocrx_word' id='word_1_220' title='bbox 1206 2812 1250 2883; x_wconf 89' lang='lat' dir='ltr'>(si</span> <span class='ocrx_word' id='word_1_221' title='bbox 1268 2817 1329 2880; x_wconf 86' lang='lat' dir='ltr'>qui-</span> 
     </span>
     <span class='ocr_line' id='line_1_26' title="bbox 277 2901 1328 2966; baseline -0.001 -13"><span class='ocrx_word' id='word_1_222' title='bbox 277 2906 336 2954; x_wconf 91' lang='lat' dir='ltr'>dem</span> <span class='ocrx_word' id='word_1_223' title='bbox 355 2903 379 2952; x_wconf 90' lang='lat' dir='ltr'>is</span> <span class='ocrx_word' id='word_1_224' title='bbox 398 2903 494 2952; x_wconf 87' lang='lat' dir='ltr'>auctor</span> <span class='ocrx_word' id='word_1_225' title='bbox 512 2901 620 2950; x_wconf 86' lang='lat' dir='ltr'>tabulae</span> <span class='ocrx_word' id='word_1_226' title='bbox 639 2904 692 2966; x_wconf 85' lang='lat' dir='ltr'>est,</span> <span class='ocrx_word' id='word_1_227' title='bbox 712 2914 791 2964; x_wconf 88' lang='lat' dir='ltr'>quam</span> <span class='ocrx_word' id='word_1_228' title='bbox 809 2901 836 2951; x_wconf 91' lang='lat' dir='ltr'>in</span> <span class='ocrx_word' id='word_1_229' title='bbox 851 2901 1026 2954; x_wconf 85' lang='lat' dir='ltr'>Bacchidibus</span> <span class='ocrx_word' id='word_1_230' title='bbox 1044 2903 1164 2955; x_wconf 84' lang='lat' dir='ltr'>imitatus</span> <span class='ocrx_word' id='word_1_231' title='bbox 1183 2908 1227 2952; x_wconf 88' lang='lat' dir='ltr'>est</span> <span class='ocrx_word' id='word_1_232' title='bbox 1244 2903 1328 2952; x_wconf 90' lang='lat' dir='ltr'>Plan-</span> 
     </span>
     <span class='ocr_line' id='line_1_27' title="bbox 276 2983 1328 3056; baseline -0.002 -18"><span class='ocrx_word' id='word_1_233' title='bbox 276 2991 329 3038; x_wconf 90' lang='lat' dir='ltr'>tus.</span> <span class='ocrx_word' id='word_1_234' title='bbox 348 3009 385 3022; x_wconf 93' lang='lat'>·-</span> <span class='ocrx_word' id='word_1_235' title='bbox 402 2989 497 3037; x_wconf 88' lang='lat' dir='ltr'>Bacch.</span> <span class='ocrx_word' id='word_1_236' title='bbox 517 2987 558 3053; x_wconf 92' lang='grc'>11,</span> <span class='ocrx_word' id='word_1_237' title='bbox 577 2985 611 3053; x_wconf 87' lang='lat'>3,</span> <span class='ocrx_word' id='word_1_238' title='bbox 631 2983 673 3037; x_wconf 86' lang='grc'>74.</span> <span class='ocrx_word' id='word_1_239' title='bbox 692 2985 734 3037; x_wconf 77' lang='lat' dir='ltr'>Of.</span> <span class='ocrx_word' id='word_1_240' title='bbox 753 2989 859 3051; x_wconf 83' lang='lat' dir='ltr'>prolog.</span> <span class='ocrx_word' id='word_1_241' title='bbox 878 3003 904 3037; x_wconf 90' lang='lat' dir='ltr'>v.</span> <span class='ocrx_word' id='word_1_242' title='bbox 928 2983 995 3056; x_wconf 88' lang='grc'>36),</span> <span class='ocrx_word' id='word_1_243' title='bbox 1019 2989 1130 3040; x_wconf 80' lang='lat' dir='ltr'>Antonii</span> <span class='ocrx_word' id='word_1_244' title='bbox 1148 2985 1281 3054; x_wconf 77' lang='lat' dir='ltr'>(Appias.</span> <span class='ocrx_word' id='word_1_245' title='bbox 1298 2989 1328 3036; x_wconf 88' lang='lat' dir='ltr'>B.</span> 
     </span>
     <span class='ocr_line' id='line_1_28' title="bbox 277 3067 1327 3146; baseline -0.001 -22"><span class='ocrx_word' id='word_1_246' title='bbox 277 3073 307 3124; x_wconf 81' lang='lat' dir='ltr'>c.</span> <span class='ocrx_word' id='word_1_247' title='bbox 325 3075 361 3136; x_wconf 90' lang='lat' dir='ltr'>V,</span> <span class='ocrx_word' id='word_1_248' title='bbox 379 3067 423 3140; x_wconf 91' lang='grc'>9),</span> <span class='ocrx_word' id='word_1_249' title='bbox 442 3073 580 3136; x_wconf 81' lang='lat' dir='ltr'>Apollonii</span> <span class='ocrx_word' id='word_1_250' title='bbox 598 3074 753 3136; x_wconf 63' lang='lat' dir='ltr'>tyanensis</span> <span class='ocrx_word' id='word_1_251' title='bbox 772 3071 877 3137; x_wconf 64' lang='lat' dir='ltr'>(rapisti</span> <span class='ocrx_word' id='word_1_252' title='bbox 891 3076 917 3125; x_wconf 95' lang='lat' dir='ltr'>ll</span> <span class='ocrx_word' id='word_1_253' title='bbox 936 3089 979 3138; x_wconf 85' lang='lat' dir='ltr'>ap.</span> <span class='ocrx_word' id='word_1_254' title='bbox 992 3069 1109 3146; x_wconf 73' lang='lat' dir='ltr'>oleon),</span> <span class='ocrx_word' id='word_1_255' title='bbox 1123 3075 1169 3124; x_wconf 82' lang='lat' dir='ltr'>all.</span> <span class='ocrx_word' id='word_1_256' title='bbox 1189 3073 1231 3123; x_wconf 81' lang='lat' dir='ltr'>Gt.</span> <span class='ocrx_word' id='word_1_257' title='bbox 1244 3071 1327 3123; x_wconf 82' lang='lat' dir='ltr'>Garlo</span> 
     </span>
     <span class='ocr_line' id='line_1_29' title="bbox 275 3157 1325 3224; baseline -0.003 -14"><span class='ocrx_word' id='word_1_258' title='bbox 275 3159 340 3212; x_wconf 89' lang='lat' dir='ltr'>Bati</span> <span class='ocrx_word' id='word_1_259' title='bbox 358 3161 392 3210; x_wconf 86' lang='lat' dir='ltr'>V.</span> <span class='ocrx_word' id='word_1_260' title='bbox 410 3162 435 3210; x_wconf 94' lang='lat' dir='ltr'>d.</span> <span class='ocrx_word' id='word_1_261' title='bbox 453 3160 517 3210; x_wconf 90' lang='lat' dir='ltr'>Pitt.</span> <span class='ocrx_word' id='word_1_262' title='bbox 536 3163 593 3210; x_wconf 81' lang='lat' dir='ltr'>snt.</span> <span class='ocrx_word' id='word_1_263' title='bbox 611 3158 776 3212; x_wconf 78' lang='grc'>219-221.</span> <span class='ocrx_word' id='word_1_264' title='bbox 877 3157 910 3224; x_wconf 91' lang='grc'>7)</span> <span class='ocrx_word' id='word_1_265' title='bbox 934 3162 1086 3210; x_wconf 87' lang='lat' dir='ltr'>llemsterh.</span> <span class='ocrx_word' id='word_1_266' title='bbox 1109 3162 1144 3210; x_wconf 91' lang='lat' dir='ltr'>ad</span> <span class='ocrx_word' id='word_1_267' title='bbox 1165 3158 1280 3210; x_wconf 76' lang='lat' dir='ltr'>Luciam</span> <span class='ocrx_word' id='word_1_268' title='bbox 1303 3159 1325 3223; x_wconf 89' lang='lat'>1,</span> 
     </span>
     <span class='ocr_line' id='line_1_30' title="bbox 275 3242 1328 3310; baseline -0.002 -14"><span class='ocrx_word' id='word_1_269' title='bbox 275 3261 302 3310; x_wconf 91' lang='lat' dir='ltr'>p.</span> <span class='ocrx_word' id='word_1_270' title='bbox 320 3243 382 3296; x_wconf 84' lang='grc'>283.</span> <span class='ocrx_word' id='word_1_271' title='bbox 400 3271 437 3281; x_wconf 97' lang='grc'>-</span> <span class='ocrx_word' id='word_1_272' title='bbox 454 3247 580 3298; x_wconf 81' lang='lat' dir='ltr'>Perizou.</span> <span class='ocrx_word' id='word_1_273' title='bbox 600 3250 628 3298; x_wconf 91' lang='lat' dir='ltr'>et</span> <span class='ocrx_word' id='word_1_274' title='bbox 650 3251 793 3298; x_wconf 89' lang='lat' dir='ltr'>Burmann.</span> <span class='ocrx_word' id='word_1_275' title='bbox 817 3249 850 3298; x_wconf 88' lang='lat' dir='ltr'>ad</span> <span class='ocrx_word' id='word_1_276' title='bbox 868 3249 897 3298; x_wconf 93' lang='lat' dir='ltr'>ll.</span> <span class='ocrx_word' id='word_1_277' title='bbox 916 3259 957 3296; x_wconf 92' lang='lat' dir='ltr'>cc.</span> <span class='ocrx_word' id='word_1_278' title='bbox 1063 3242 1098 3309; x_wconf 88' lang='lat'>8)</span> <span class='ocrx_word' id='word_1_279' title='bbox 1118 3248 1171 3296; x_wconf 82' lang='lat' dir='ltr'>Sed</span> <span class='ocrx_word' id='word_1_280' title='bbox 1189 3257 1257 3294; x_wconf 82' lang='lat' dir='ltr'>vera</span> <span class='ocrx_word' id='word_1_281' title='bbox 1274 3257 1328 3294; x_wconf 92' lang='lat' dir='ltr'>no-</span> 
     </span>
     <span class='ocr_line' id='line_1_31' title="bbox 274 3330 1326 3396; baseline -0.003 -14"><span class='ocrx_word' id='word_1_282' title='bbox 274 3332 354 3382; x_wconf 89' lang='lat' dir='ltr'>minis</span> <span class='ocrx_word' id='word_1_283' title='bbox 370 3332 448 3396; x_wconf 82' lang='lat' dir='ltr'>origo</span> <span class='ocrx_word' id='word_1_284' title='bbox 467 3333 549 3382; x_wconf 85' lang='lat' dir='ltr'>altius</span> <span class='ocrx_word' id='word_1_285' title='bbox 567 3335 715 3394; x_wconf 88' lang='lat' dir='ltr'>repetenda</span> <span class='ocrx_word' id='word_1_286' title='bbox 732 3333 847 3384; x_wconf 87' lang='lat' dir='ltr'>videtur.</span> <span class='ocrx_word' id='word_1_287' title='bbox 883 3330 1050 3382; x_wconf 83' lang='lat' dir='ltr'>Sauscritmn</span> <span class='ocrx_word' id='word_1_288' title='bbox 1062 3331 1133 3382; x_wconf 88' lang='lat' dir='ltr'>euim</span> <span class='ocrx_word' id='word_1_289' title='bbox 1152 3335 1195 3380; x_wconf 86' lang='lat' dir='ltr'>est</span> <span class='ocrx_word' id='word_1_290' title='bbox 1213 3331 1326 3380; x_wconf 67' lang='lat' dir='ltr'>mahi-</span> 
     </span>
     <span class='ocr_line' id='line_1_32' title="bbox 275 3415 1329 3484; baseline -0.002 -16"><span class='ocrx_word' id='word_1_291' title='bbox 275 3419 377 3484; x_wconf 70' lang='lat' dir='ltr'>bihu,</span> <span class='ocrx_word' id='word_1_292' title='bbox 395 3419 504 3468; x_wconf 88' lang='lat' dir='ltr'>solitum</span> <span class='ocrx_word' id='word_1_293' title='bbox 517 3420 635 3468; x_wconf 88' lang='lat' dir='ltr'>Deorum</span> <span class='ocrx_word' id='word_1_294' title='bbox 654 3421 682 3468; x_wconf 88' lang='lat' dir='ltr'>et</span> <span class='ocrx_word' id='word_1_295' title='bbox 700 3419 808 3468; x_wconf 90' lang='lat' dir='ltr'>heroum</span> <span class='ocrx_word' id='word_1_296' title='bbox 828 3420 1045 3482; x_wconf 80' lang='lat' dir='ltr'>cognomentum,</span> <span class='ocrx_word' id='word_1_297' title='bbox 1064 3417 1176 3484; x_wconf 83' lang='lat' dir='ltr'>„longis</span> <span class='ocrx_word' id='word_1_298' title='bbox 1194 3415 1329 3466; x_wconf 82' lang='lat' dir='ltr'>bracchiis</span> 
     </span>
     <span class='ocr_line' id='line_1_33' title="bbox 275 3495 1327 3568; baseline 0.001 -16"><span class='ocrx_word' id='word_1_299' title='bbox 275 3496 446 3553; x_wconf 89' lang='lat' dir='ltr'>instructns“</span> <span class='ocrx_word' id='word_1_300' title='bbox 464 3498 600 3567; x_wconf 76' lang='lat' dir='ltr'>(Glossar.</span> <span class='ocrx_word' id='word_1_301' title='bbox 611 3503 743 3554; x_wconf 75' lang='lat' dir='ltr'>sanserit.</span> <span class='ocrx_word' id='word_1_302' title='bbox 755 3505 937 3567; x_wconf 71' lang='lat' dir='ltr'>Haugthon&#39;p.</span> <span class='ocrx_word' id='word_1_303' title='bbox 946 3495 1040 3568; x_wconf 88' lang='grc'>2242),</span> <span class='ocrx_word' id='word_1_304' title='bbox 1047 3505 1116 3566; x_wconf 88' lang='lat' dir='ltr'>quod</span> <span class='ocrx_word' id='word_1_305' title='bbox 1126 3505 1159 3554; x_wconf 82' lang='lat' dir='ltr'>eh</span> <span class='ocrx_word' id='word_1_306' title='bbox 1173 3503 1247 3554; x_wconf 88' lang='lat' dir='ltr'>ludis</span> <span class='ocrx_word' id='word_1_307' title='bbox 1256 3503 1327 3553; x_wconf 86' lang='lat' dir='ltr'>Per·</span> 
     </span>
     <span class='ocr_line' id='line_1_34' title="bbox 275 3581 1328 3655; baseline -0.002 -17"><span class='ocrx_word' id='word_1_308' title='bbox 275 3601 325 3638; x_wconf 83' lang='lat' dir='ltr'>sae</span> <span class='ocrx_word' id='word_1_309' title='bbox 335 3588 476 3649; x_wconf 85' lang='lat' dir='ltr'>accepisse</span> <span class='ocrx_word' id='word_1_310' title='bbox 488 3588 806 3652; x_wconf 83' lang='lat' dir='ltr'>videnturnohilihusque</span> <span class='ocrx_word' id='word_1_311' title='bbox 819 3589 957 3655; x_wconf 78' lang='lat' dir='ltr'>indidisse,</span> <span class='ocrx_word' id='word_1_312' title='bbox 968 3581 1145 3650; x_wconf 78' lang='lat' dir='ltr'>uude&#39;postea</span> <span class='ocrx_word' id='word_1_313' title='bbox 1154 3602 1224 3640; x_wconf 88' lang='lat' dir='ltr'>nom.</span> <span class='ocrx_word' id='word_1_314' title='bbox 1235 3599 1328 3650; x_wconf 90' lang='lat' dir='ltr'>propr.</span> 
     </span>
     <span class='ocr_line' id='line_1_35' title="bbox 275 3673 1328 3739; baseline 0.001 -16"><span class='ocrx_word' id='word_1_315' title='bbox 275 3674 377 3724; x_wconf 84' lang='lat' dir='ltr'>tactum</span> <span class='ocrx_word' id='word_1_316' title='bbox 394 3677 452 3736; x_wconf 85' lang='lat' dir='ltr'>est;</span> <span class='ocrx_word' id='word_1_317' title='bbox 471 3673 511 3724; x_wconf 86' lang='lat' dir='ltr'>ita</span> <span class='ocrx_word' id='word_1_318' title='bbox 527 3677 558 3724; x_wconf 89' lang='lat' dir='ltr'>ut</span> <span class='ocrx_word' id='word_1_319' title='bbox 575 3673 642 3724; x_wconf 92' lang='lat' dir='ltr'>illud</span> <span class='ocrx_word' id='word_1_320' title='bbox 656 3687 750 3726; x_wconf 89' lang='lat' dir='ltr'>verum</span> <span class='ocrx_word' id='word_1_321' title='bbox 758 3677 918 3728; x_wconf 82' lang='lat' dir='ltr'>Artaxerxis</span> <span class='ocrx_word' id='word_1_322' title='bbox 935 3675 1097 3739; x_wconf 79' lang='lat' dir='ltr'>Longimaui</span> <span class='ocrx_word' id='word_1_323' title='bbox 1115 3677 1328 3739; x_wconf 79' lang='lat' dir='ltr'>cognomentum</span> 
     </span>
     <span class='ocr_line' id='line_1_36' title="bbox 276 3754 1327 3827; baseline -0.001 -17"><span class='ocrx_word' id='word_1_324' title='bbox 276 3758 362 3810; x_wconf 81' lang='lat' dir='ltr'>tuisse</span> <span class='ocrx_word' id='word_1_325' title='bbox 380 3759 459 3810; x_wconf 81' lang='lat' dir='ltr'>valde</span> <span class='ocrx_word' id='word_1_326' title='bbox 478 3759 624 3810; x_wconf 83' lang='lat' dir='ltr'>verisimile</span> <span class='ocrx_word' id='word_1_327' title='bbox 642 3761 686 3812; x_wconf 89' lang='lat' dir='ltr'>sit.</span> <span class='ocrx_word' id='word_1_328' title='bbox 776 3757 812 3826; x_wconf 91' lang='grc'>9)</span> <span class='ocrx_word' id='word_1_329' title='bbox 832 3765 923 3826; x_wconf 84' lang='lat' dir='ltr'>Btym.</span> <span class='ocrx_word' id='word_1_330' title='bbox 942 3765 978 3811; x_wconf 88' lang='lat' dir='ltr'>M.</span> <span class='ocrx_word' id='word_1_331' title='bbox 997 3775 1019 3810; x_wconf 86' lang='lat' dir='ltr'>s.</span> <span class='ocrx_word' id='word_1_332' title='bbox 1039 3776 1064 3810; x_wconf 89' lang='lat' dir='ltr'>v.</span> <span class='ocrx_word' id='word_1_333' title='bbox 1080 3754 1183 3827; x_wconf 69' lang='grc' dir='ltr'>Ἕσσὴν.</span> <span class='ocrx_word' id='word_1_334' title='bbox 1275 3758 1327 3821; x_wconf 83' lang='lat' dir='ltr'>lo)</span> 
     </span>
     <span class='ocr_line' id='line_1_37' title="bbox 277 3844 1325 3912; baseline -0.001 -16"><span class='ocrx_word' id='word_1_335' title='bbox 277 3844 321 3896; x_wconf 80' lang='lat' dir='ltr'>ct.</span> <span class='ocrx_word' id='word_1_336' title='bbox 340 3857 409 3908; x_wconf 84' lang='lat' dir='ltr'>quae</span> <span class='ocrx_word' id='word_1_337' title='bbox 426 3845 535 3895; x_wconf 85' lang='lat' dir='ltr'>laudavi</span> <span class='ocrx_word' id='word_1_338' title='bbox 554 3847 586 3896; x_wconf 91' lang='lat' dir='ltr'>ad</span> <span class='ocrx_word' id='word_1_339' title='bbox 606 3859 632 3896; x_wconf 91' lang='grc' dir='ltr'>ιι.</span> <span class='ocrx_word' id='word_1_340' title='bbox 651 3844 739 3898; x_wconf 86' lang='grc'>4-6.</span> <span class='ocrx_word' id='word_1_341' title='bbox 812 3847 862 3910; x_wconf 96' lang='grc'>11)</span> <span class='ocrx_word' id='word_1_342' title='bbox 880 3847 977 3898; x_wconf 86' lang='lat' dir='ltr'>Achill.</span> <span class='ocrx_word' id='word_1_343' title='bbox 996 3847 1056 3896; x_wconf 71' lang='lat' dir='ltr'>lat.</span> <span class='ocrx_word' id='word_1_344' title='bbox 1068 3847 1130 3912; x_wconf 88' lang='lat' dir='ltr'>vll,</span> <span class='ocrx_word' id='word_1_345' title='bbox 1147 3844 1186 3896; x_wconf 88' lang='grc'>16.</span> <span class='ocrx_word' id='word_1_346' title='bbox 1199 3873 1229 3884; x_wconf 92' lang='lat'>-</span> <span class='ocrx_word' id='word_1_347' title='bbox 1241 3847 1325 3896; x_wconf 81' lang='lat' dir='ltr'>Bclrh.</span> 
     </span>
     <span class='ocr_line' id='line_1_38' title="bbox 276 3927 1325 3998; baseline -0.001 -18"><span class='ocrx_word' id='word_1_348' title='bbox 276 3931 309 3980; x_wconf 86' lang='lat' dir='ltr'>B.</span> <span class='ocrx_word' id='word_1_349' title='bbox 327 3933 359 3979; x_wconf 87' lang='lat' dir='ltr'>N.</span> <span class='ocrx_word' id='word_1_350' title='bbox 378 3931 414 3996; x_wconf 88' lang='lat' dir='ltr'>ll,</span> <span class='ocrx_word' id='word_1_351' title='bbox 433 3927 495 3980; x_wconf 88' lang='grc'>519.</span> <span class='ocrx_word' id='word_1_352' title='bbox 604 3927 654 3996; x_wconf 90' lang='grc'>12)</span> <span class='ocrx_word' id='word_1_353' title='bbox 673 3933 756 3982; x_wconf 83' lang='lat' dir='ltr'>llclrh.</span> <span class='ocrx_word' id='word_1_354' title='bbox 775 3934 808 3982; x_wconf 86' lang='lat' dir='ltr'>D.</span> <span class='ocrx_word' id='word_1_355' title='bbox 827 3935 858 3982; x_wconf 85' lang='lat' dir='ltr'>N.</span> <span class='ocrx_word' id='word_1_356' title='bbox 877 3935 913 3997; x_wconf 93' lang='lat' dir='ltr'>ll,</span> <span class='ocrx_word' id='word_1_357' title='bbox 931 3948 957 3996; x_wconf 85' lang='lat' dir='ltr'>p.</span> <span class='ocrx_word' id='word_1_358' title='bbox 976 3929 1038 3982; x_wconf 86' lang='grc'>513.</span> <span class='ocrx_word' id='word_1_359' title='bbox 1058 3959 1091 3970; x_wconf 92' lang='grc'>-</span> <span class='ocrx_word' id='word_1_360' title='bbox 1111 3931 1212 3982; x_wconf 87' lang='lat' dir='ltr'>ldioun.</span> <span class='ocrx_word' id='word_1_361' title='bbox 1230 3933 1281 3998; x_wconf 91' lang='lat'>111,</span> <span class='ocrx_word' id='word_1_362' title='bbox 1300 3943 1325 3980; x_wconf 89' lang='lat' dir='ltr'>n.</span> 
     </span>
     <span class='ocr_line' id='line_1_39' title="bbox 275 4012 1325 4084; baseline 0 -18"><span class='ocrx_word' id='word_1_363' title='bbox 275 4012 337 4066; x_wconf 87' lang='grc'>246.</span> <span class='ocrx_word' id='word_1_364' title='bbox 354 4013 417 4066; x_wconf 87' lang='grc'>248.</span> <span class='ocrx_word' id='word_1_365' title='bbox 443 4042 473 4052; x_wconf 94' lang='grc'>-</span> <span class='ocrx_word' id='word_1_366' title='bbox 501 4019 591 4080; x_wconf 80' lang='lat' dir='ltr'>snppl.</span> <span class='ocrx_word' id='word_1_367' title='bbox 611 4019 659 4084; x_wconf 92' lang='lat' dir='ltr'>Vl,</span> <span class='ocrx_word' id='word_1_368' title='bbox 678 4015 738 4070; x_wconf 83' lang='lat'>306.</span> <span class='ocrx_word' id='word_1_369' title='bbox 756 4015 819 4068; x_wconf 80' lang='grc'>917.</span> <span class='ocrx_word' id='word_1_370' title='bbox 842 4013 903 4068; x_wconf 85' lang='grc'>324.</span> <span class='ocrx_word' id='word_1_371' title='bbox 929 4045 962 4055; x_wconf 90' lang='grc'>-</span> <span class='ocrx_word' id='word_1_372' title='bbox 985 4020 1092 4072; x_wconf 80' lang='lat' dir='ltr'>ooeckh</span> <span class='ocrx_word' id='word_1_373' title='bbox 1111 4012 1141 4069; x_wconf 77' lang='lat' dir='ltr'>(i.</span> <span class='ocrx_word' id='word_1_374' title='bbox 1161 4019 1181 4068; x_wconf 91' lang='grc'>1.</span> <span class='ocrx_word' id='word_1_375' title='bbox 1201 4031 1227 4068; x_wconf 91' lang='grc' dir='ltr'>ιι.</span> <span class='ocrx_word' id='word_1_376' title='bbox 1246 4013 1325 4068; x_wconf 86' lang='grc'>2955.</span> 
     </span>
     <span class='ocr_line' id='line_1_40' title="bbox 277 4094 647 4164; baseline 0.008 -14"><span class='ocrx_word' id='word_1_377' title='bbox 277 4094 332 4164; x_wconf 83' lang='grc'>13)</span> <span class='ocrx_word' id='word_1_378' title='bbox 351 4099 381 4152; x_wconf 79' lang='lat'>0.</span> <span class='ocrx_word' id='word_1_379' title='bbox 401 4102 422 4151; x_wconf 90' lang='lat' dir='ltr'>l.</span> <span class='ocrx_word' id='word_1_380' title='bbox 442 4116 469 4152; x_wconf 89' lang='lat' dir='ltr'>n.</span> <span class='ocrx_word' id='word_1_381' title='bbox 487 4098 557 4153; x_wconf 86' lang='grc'>2987</span> <span class='ocrx_word' id='word_1_382' title='bbox 578 4118 602 4152; x_wconf 88' lang='lat' dir='ltr'>v.</span> <span class='ocrx_word' id='word_1_383' title='bbox 623 4101 647 4154; x_wconf 88' lang='grc'>7.</span> 
     </span>
    </p>
   </div>
   <div class='ocr_carea' id='block_1_6' title="bbox 0 0 1464 4722">
    <p class='ocr_par' dir='ltr' id='par_1_7' title="bbox 0 0 1464 4722">
     <span class='ocr_line' id='line_1_41' title="bbox 0 0 1464 4722; baseline 0 0"><span class='ocrx_word' id='word_1_384' title='bbox 0 0 1464 4722; x_wconf 95' lang='lat' dir='ltr'> </span> 
     </span>
    </p>
   </div>
  </div>
 </body>
</html>
