2916 4722
1124 247 1172 318 83

119 427 233 501 Titthii
262 426 378 489 montis
408 445 539 504 nomen,
570 445 661 511 quem
690 437 822 513 propter
852 427 1031 514 frequentes
1066 429 1171 494 sontes

116 540 275 609 „montem
298 534 516 593 mammarum“
539 527 741 614 appellarunt
755 532 820 613 ²⁸),
845 553 884 596 eo
909 553 1035 617 quoquc
1056 534 1172 618 proba-

117 645 177 711 tur,
201 632 289 718 quod
311 642 454 696 naturam
475 633 600 697 Dianae
622 633 756 712 Siculae,
778 655 870 719 quam
893 634 972 716 (sub
997 636 1171 702 Arethusae

117 739 270 818 nomine)
298 735 433 800 fontium
463 757 501 799 ac
528 737 697 802 fluviorum
725 740 921 822 potissimum
944 737 1047 802 Deam
1076 739 1172 804 luisse

117 845 203 906 inter
238 862 348 904 omnes
380 841 584 922 constat²⁹>,
612 841 806 927 polymastia
835 841 953 906 Graeci
983 845 1173 928 expressisse

118 944 276 1008 videntur.
344 945 446 1029 Hujus
480 947 562 1008 enim
596 945 808 1030 polymastiac
840 943 990 1032 analogia
1019 945 1173 1032 quaedam

117 1052 150 1112 in
172 1049 281 1133 parvis
303 1047 429 1111 Dianae
451 1047 577 1112 Siculae
603 1049 776 1114 simulacris
798 1047 916 1136 figlinis
940 1053 1173 1130 (terre-cotie)

117 1159 255 1238 apparet
269 1151 332 1232 ³⁰),
355 1173 449 1237 quae,
479 1175 574 1238 quum
596 1155 630 1216 in
652 1157 832 1217 ranixersum
856 1175 925 1216 cum
947 1153 1173 1238 simplicissima

117 1265 250 1318 nostrae
272 1256 364 1319 Deae
386 1258 494 1340 specie
517 1265 549 1320 et
570 1257 671 1320 forma
697 1279 843 1345 maguam
865 1256 1100 1321 similitudinem
1121 1257 1174 1320 ha-

118 1359 228 1436 beant,
250 1369 436 1446 argumento
461 1381 530 1424 esse
553 1370 701 1446 possunt:
724 1371 757 1424 et
778 1359 970 1447 peculiarem
992 1363 1083 1424 istam
1099 1361 1174 1423 Dia-

118 1485 180 1526 nae
205 1462 364 1547 Ephesiae
385 1465 522 1548 speciem
546 1485 563 1527 a
581 1463 777 1530 Graecorum
799 1464 956 1552 religione
978 1483 1174 1549 nequaquam

120 1567 311 1646 abhorrere,
341 1576 373 1630 et
395 1571 528 1654 (magna
551 1589 679 1654 quoque
707 1572 849 1653 ipsorum
872 1569 1034 1632 numinum
1056 1587 1174 1654 cogna-

119 1675 211 1734 tione
232 1674 395 1756 spcctata)
417 1692 527 1735 verum
551 1693 620 1735 csse
645 1693 724 1749 eum,
747 1692 923 1758 quem-nos
939 1671 1174 1756 antiquissimae

120 1776 214 1840 Deae
237 1773 395 1859 Ephesiae
416 1795 542 1838 sensum
566 1777 728 1861 hucusque
752 1778 962 1861 exposuimus.

211 1877 304 1963 Quae
328 1899 422 1963 quum
444 1879 488 1942 ita
511 1882 582 1957 sint,
603 1881 743 1944 humoris
765 1882 798 1942 in
820 1882 889 1965 ipsa
912 1889 995 1943 terra
1017 1875 1175 1941 reconditi

119 1985 195 2061 vim,
219 1980 318 2068 qualis
340 1985 374 2045 in
397 1984 531 2070 stagnis,
553 1983 733 2068 paludibus,
756 1983 897 2046 fontibus
919 1981 1059 2066 denique
1082 2003 1176 2066 appa·
1231 2029 1232 2033 ,

119 2095 199 2167 reat,
221 2087 465 2171 antiquissimam
486 2084 572 2150 illam
595 2086 789 2174 Pelasgicam
809 2088 911 2150 Deam
933 2086 1081 2150 habuisse
1104 2107 1177 2148 cen-

120 2213 189 2256 seo.
236 2191 325 2254 Haec
347 2191 429 2253 cuim
444 2192 544 2267 notio,
568 2211 661 2274 quum
684 2193 717 2252 in
733 2191 914 2252 universum
937 2187 1176 2274 aPelasgorum

120 2295 283 2382 religione
309 2315 505 2378 nequaquam
535 2291 638 2356 aliena
666 2295 714 2371 sit,
737 2301 770 2354 ct
795 2289 949 2378 singulari
970 2291 1062 2375 hujus
1085 2292 1177 2354 Deae

121 2396 230 2484 speeie
253 2397 480 2482 comprobatur
503 2405 535 2461 et
556 2398 670 2482 ipsius,
692 2399 809 2482 inqua
832 2394 904 2458 Dea
925 2392 1106 2472 colebatur,
1130 2415 1177 2458 rc-

122 2504 231 2589 pionis
254 2509 366 2566 natura
389 2510 484 2587 atque
505 2497 625 2564 indole.

121 2675 326 2690 nnn-*—

121 2787 249 2837 cederem
268 2799 349 2854 sane,
368 2786 421 2838 nisi
438 2787 694 2864 generalemistam
713 2790 827 2839 naturae
846 2786 984 2840 notionem
1004 2799 1111 2850 semper
1128 2789 1178 2838 suh

122 2872 258 2934 peculiari
276 2875 390 2936 quadam
407 2874 501 2936 speeie
525 2873 624 2926 Graeci
647 2875 856 2937 expressissent.
944 2870 997 2936 28)
1016 2873 1110 2924 Titthii
1129 2876 1179 2924 de·
1236 2863 1242 2870 ’

121 2958 336 3008 nominationem
356 2973 373 3009 u
390 2960 476 3025 τίτθη
494 2960 668 3010 derivandam
686 2973 749 3012 ease
766 2973 846 3010 nemo
865 2963 924 3025 est,
943 2959 988 3021 qul
1007 2973 1060 3009 non
1071 2943 1178 3008 uideat.

121 3043 260 3094 Fontibus
278 3050 368 3096 autern
387 3047 505 3094 mentem
522 3045 598 3094 ilium
618 3043 789 3106 Epidaurium
803 3046 954 3094 abundasse
972 3056 988 3092 e
1005 3044 1097 3092 fabula
1114 3056 1178 3104 per-

121 3129 195 3192 spici
212 3134 318 3198 potest,
337 3143 391 3194 qua
419 3129 583 3190 Aesculapio
602 3129 631 3178 in
648 3132 700 3178 hoc
717 3131 809 3178 mente
828 3125 952 3188 exposito
970 3125 1035 3192 γάλα
1055 3129 1105 3195 μία
1129 3124 1180 3177 τῶν

121 3217 183 3285 περὶ
204 3214 237 3266 τὸ
256 3209 318 3285 ὅρος
342 3217 393 3266 τῶν
416 3217 624 3284 ποιμαινομένων
647 3210 727 3280 αἰγῶν
749 3211 907 3275 praebuisse
930 3217 1057 3262 narratur
1080 3208 1179 3274 (Palis.

121 3301 159 3366 11,
177 3297 226 3368 26,
245 3297 290 3365 4).
326 3301 423 3365 Capris
447 3301 518 3351 enim
540 3301 631 3350 tontes
654 3299 696 3349 hic
715 3300 874 3364 designatos
893 3311 972 3364 esse,
995 3299 1181 3360 asymbolica

121 3398 269 3448 caprarum
293 3385 494 3452 significatione
513 3391 641 3453 apparet,
661 3388 694 3436 dc
713 3399 765 3450 qua
782 3387 989 3436 Forchhammer
1007 3383 1036 3434 in
1055 3385 1181 3436 Helleni·

122 3471 164 3522 oia
185 3474 218 3522 Τ.
237 3473 260 3522 Ι.
332 3469 387 3538 2¹9)
405 3473 500 3523 Muell.
518 3474 598 3522 Arch.
617 3467 640 3536 §.
653 3469 716 3540 364,
736 3471 751 3523 7
771 3485 797 3535 p.
809 3469 871 3522 529.
941 3465 995 3536 30)
1014 3471 1077 3534 lpse
1095 3472 1180 3524 mmu-

122 3559 202 3608 laena
220 3557 350 3609 viderunt
366 3559 395 3608 in
413 3561 510 3608 Museo
530 3562 705 3621 syracusano
724 3561 845 3610 Gerhard
864 3563 893 3610 et
910 3571 971 3608 cum
985 3558 1034 3609 od.
1047 3561 1181 3610 Muellem

121 3643 292 3694 Schoellius.
329 3643 472 3696 Delineatu
495 3643 631 3707 inspicere
655 3639 701 3695 ex'
713 3645 814 3710 insigni
832 3643 965 3696 derhardi
985 3657 1053 3708 erga
1069 3657 1112 3695 nae
1131 3649 1182 3695 hu-

112 3715 258 3780 manitate
281 3730 345 3780 mihi
367 3731 446 3781 licuit
466 3729 499 3804 in,
521 3731 681 3793 antiquario
702 3731 791 3781 Musei
814 3731 895 3794 Regii
918 3729 1119 3796 Berolinensis,
1138 3731 1182 3780 uhi

123 3817 249 3883 tabidae,
275 3829 344 3880 quae
362 3817 444 3867 Politl
467 3819 597 3880 quondam
617 3820 709 3884 erant,
734 3819 927 3883 asservantur,
950 3815 1019 3866 talia
1037 3815 1182 3866 simulacra

123 3915 206 3964 quam
225 3903 342 3966 plurima
361 3903 526 3954 exhibentes.
