2916 4722
153 281 156 286 “
266 300 332 373 as

282 480 429 570 pellatae,
453 501 490 545 er
512 483 611 566 ipsius
633 480 725 543 Deae
746 479 938 566 cognomine
967 486 1058 542 ortae
1080 488 1154 542 sunt
1170 479 1226 560 ¹⁰),
1250 479 1340 564 qnod

284 597 316 652 et
337 589 371 650 in
394 583 573 649 Callistone
596 583 768 646 observare
790 581 866 645 licet
882 583 931 662 ¹¹),
948 581 1113 669 Iphigenia
1131 582 1180 662 ¹¹),
1202 583 1271 668 Upi
1289 584 1339 664 ¹³),

284 690 422 775 Elaphio
442 689 496 767 ¹¹),
520 687 666 751 Aristaeo
684 688 741 766 ¹⁵),
762 685 926 752 Actaeone
944 687 1005 765 ¹⁶),
1028 687 1269 772 Agamemnone
1285 688 1340 764 ¹⁷),

285 789 475 877 Trophonio
494 791 549 869 ¹⁸),
571 789 654 854 Aleo
668 791 725 870 ¹⁹),
747 791 801 874 qui
823 811 919 874 quum
942 810 1053 853 omnes
1075 789 1142 854 fere
1164 790 1236 853 Diis
1262 790 1340 854 Dia-

284 917 354 974 nae,
375 895 461 973 Jovi,
483 894 649 958 Minervae
671 895 800 957 nomina
823 891 949 957 dedisse
978 892 1198 970 crederentur,
1221 913 1260 956 ex
1282 893 1340 957 ho-

284 1021 354 1064 rum
375 1000 482 1083 potius
505 997 749 1086 cognominibus
773 999 834 1082 ipsi
857 1000 919 1061 orti
941 1008 1023 1061 sunt.

373 1101 493 1167 Eadem
517 1123 642 1188 quoque
664 1103 789 1164 ratione
817 1101 891 1164 urbs
922 1102 1065 1186 Ephesus
1094 1121 1112 1162 a
1135 1100 1207 1163 Dea
1229 1099 1338 1185 appel-

285 1205 349 1270 lata
373 1217 428 1284 est,
451 1209 540 1292 cujus
562 1209 608 1285 rei
631 1227 672 1270 ne
695 1206 786 1267 nimis
809 1203 905 1268 multa
933 1203 1074 1290 exempla
1097 1203 1237 1280 afferam,
1261 1225 1339 1289 pau-

285 1332 337 1374 cas
360 1320 480 1375 tantum
503 1309 607 1388 urbes,
632 1330 709 1394 quas
732 1330 769 1372 ex
790 1307 934 1371 Deorum
962 1305 1207 1394 cognominibus
1229 1305 1339 1392 appel-

284 1411 366 1478 latas
395 1435 464 1478 esse
494 1423 632 1491 constat,
660 1433 851 1476 memorasse
880 1412 976 1473 satius
1013 1413 1085 1485 erit;
1119 1407 1228 1494 quoles
1265 1419 1338 1473 sunt

285 1518 444 1594 Athenae,
466 1515 546 1581 Alea
561 1517 625 1596 ¹⁰),
648 1517 714 1580 Zea
728 1515 792 1592 ¹¹),
822 1512 931 1599 Cupra
947 1515 1010 1592 ¹²),
1039 1515 1167 1577 Tritaea
1182 1513 1246 1591 ¹³),
1277 1515 1338 1577 Te-

285 1625 353 1686 rina
368 1623 432 1701 ¹⁴),
456 1618 567 1685 Colias
583 1621 646 1698 ²¹),
669 1620 803 1683 Potniae
818 1617 881 1696 ¹⁶),
906 1603 1065 1702 Thespiae
1079 1619 1138 1694 ¹⁷).
1183 1616 1236 1680 Ne
1259 1637 1337 1680 vero

283 1727 347 1790 hoc
360 1726 436 1788 mihi
451 1724 584 1810 objicias
600 1722 821 1809 simpliciorem
839 1722 899 1784 τοῦ
919 1721 1096 1811 ,,Ἐφέσοιι“
1111 1720 1243 1783 formam
1260 1741 1337 1798 esse,

181 1818 184 1828 ¹
285 1849 377 1913 quam
392 1825 591 1916 „Mammea
613 1847 717 1910 neque
739 1827 835 1911 igitur
850 1825 1010 1910 Ephesum
1033 1824 1073 1888 ab
1088 1825 1225 1910 Ephesia
1241 1845 1337 1910 posse

285 1929 408 2008 deduci,
432 1929 587 2015 ejusmodi
602 1949 730 2013 quoque
747 1925 888 2012 exempla
904 1927 1011 1992 afferri
1026 1938 1175 2014 possunt3
1194 1932 1237 1992 ita
1256 1931 1337 1992 enim

285 2031 464 2119 Cythera
494 2054 513 2096 a
541 2034 671 2097 Venere
702 2029 899 2116 Cytheris
928 2031 1086 2118 appellata
1117 2033 1337 2114 00111),Βο-

285 2165 485 2176 ιιι-ι-ι-σ-ι--ι--ι-α·

356 2224 407 2292 10)
426 2229 458 2278 1ιι
476 2229 631 2282 unlversum
655 2230 808 2282 schwenck
830 2230 1028 2296 Andeutungen
1050 2245 1076 2294 p.
1101 2227 1144 2282 16.
1168 2227 1211 2282 17.
1286 2225 1337 2294 11)

285 2318 366 2366 Paua.
384 2316 460 2381 Vlll,
479 2313 506 2383 3,
526 2313 551 2365 6.
561 2314 606 2383 35,
626 2313 650 2366 8.
671 2314 713 2366 Cf.
731 2318 856 2367 Mueller.
875 2317 939 2367 Dor.
959 2317 980 2382 l,
1003 2333 1028 2380 p.
1047 2316 1109 2368 312.
1182 2309 1231 2380 12)
1251 2310 1351 2367 01οιιο

285 2401 429 2465 Iphigenia
446 2403 528 2452 Paus.
545 2403 581 2467 ll,
599 2399 644 2467 35,
664 2401 691 2452 l.
707 2427 744 2437 -
761 2405 913 2455 schwenolr
931 2417 957 2466 p.
975 2400 1037 2452 203.
1113 2397 1164 2466 13)
1182 2403 1251 2465 Upin
1270 2403 1337 2454 Dia-

286 2501 350 2538 nam
365 2487 509 2550 Ephesiam
527 2489 691 2550 appellatam
709 2501 771 2538 esse
789 2489 822 2538 ab
835 2489 885 2551 Upi
903 2488 1009 2538 nutrice
1027 2488 1112 2537 relert
1127 2489 1217 2538 schol.
1230 2487 1336 2539 Gallim.

284 2572 364 2622 Dian.
376 2569 439 2622 204.
494 2569 545 2632 11)
559 2575 639 2642 Aqua
648 2572 734 2623 Diana
742 2574 890 2635 Elaphiaea
899 2575 1037 2636 appellata
1045 2573 1143 2624 dicitur
1151 2575 1233 2625 Paos.
1242 2575 1279 2642 ll,
1291 2573 1335 2642 22,

284 2653 328 2706 11.
384 2651 430 2719 15)
441 2655 584 2706 aristaeus
595 2661 711 2708 etheron
727 2663 755 2708 el
764 2659 872 2720 Jupiter
881 2664 909 2709 et
918 2662 1026 2722 Apollo.
1053 2661 1143 2711 sohel.
1152 2661 1241 2723 Apoll.
1250 2663 1336 2712 Rlod.

284 2743 321 2808 11,
334 2739 395 2792 500.
417 2740 458 2791 cf.
477 2735 502 2806 §.
516 2741 543 2808 5,
562 2755 589 2792 ιι.
602 2741 648 2792 21.
702 2741 748 2804 10)
766 2745 846 2794 Paua.
863 2746 899 2810 x,
917 2741 962 2811 30,
975 2744 1002 2795 5.
1022 2745 1063 2811 17,
1075 2745 1102 2796 3.
1120 2759 1193 2809 pass.
1212 2748 1252 2798 De
1265 2751 1336 2798 Jove

285 2830 391 2878 actaeo
407 2828 527 2878 Mueller
545 2829 668 2878 orcham.
686 2843 712 2890 p.
731 2825 793 2878 218.
866 2826 916 2893 17)
934 2831 1042 2894 Jupiter
1054 2835 1237 2896 Agamemnon
1248 2837 1336 2897 spar-

286 2915 332 2962 tae
351 2913 441 2963 cultus
459 2916 512 2964 est.
546 2914 641 2964 Potter
659 2915 691 2963 ad
709 2916 846 2976 Lycophr.
863 2931 891 2965 v.
908 2913 970 2967 335.
1052 2915 1102 2981 18)
1120 2919 1201 2968 Peos.
1220 2919 1268 2986 lx,
1292 2918 1334 2986 ll,

285 2995 310 3048 l.
346 2994 392 3065 37,
409 2997 436 3049 5.
452 3022 490 3034 -
506 2999 615 3061 Jupiter
633 2999 802 3061 'l'roplroalus
818 3003 935 3053 Mueller
954 3005 1080 3054 orcham.
1097 3019 1124 3067 p.
1145 3002 1203 3054 152.
1286 3002 1337 3070 10)

188 3147 190 3152 Ι
284 3083 367 3136 Paua.
385 3085 462 3151 vlu,
478 3082 525 3151 23,
544 3083 558 3133 l
578 3079 632 3149 (01.
650 3082 677 3152 4,
696 3083 722 3136 8.
758 3083 784 3151 5,
803 3083 830 3137 3.
865 3085 892 3153 9,
912 3087 929 3140 6
952 3086 1045 3154 cett).
1132 3085 1187 3153 20)
1206 3094 1335 3154 stephan.
1447 3145 1448 3162 ἶ

284 3171 352 3232 oya.
370 3185 393 3220 a.
403 3185 429 3220 v.
447 3173 528 3222 Paua.
542 3173 590 3222 ll.
653 3167 707 3236 21)
726 3173 824 3223 Portus
840 3177 1013 3242 Athenarum,
1031 3172 1110 3240 ouius
1122 3189 1219 3227 nonen
1237 3191 1254 3226 a
1266 3181 1335 3244 zea,

284 3256 405 3307 Hecates
422 3258 594 3324 cognomine,
613 3257 722 3308 deducit
738 3257 857 3323 llesynh.
876 3277 899 3311 s.
917 3278 943 3311 v.
949 3277 959 3325 3
978 3263 1058 3313 aliter
1075 3261 1199 3312 Panotho
1215 3266 1335 3314 zusam-

284 3344 420 3405 menlaug
437 3355 478 3406 gr.
503 3345 665 3394 ortanunen
687 3344 884 3397 mitddttern.
920 3352 982 3398 Aet.
1000 3349 1083 3398 dead.
1101 3350 1190 3400 Berol.
1210 3345 1291 3400 1310.
1308 3364 1334 3412 p.

285 3423 310 3476 6.
381 3423 434 3490 22)
453 3429 521 3478 Urbs
540 3429 717 3489 a'l'yrrheaia
736 3432 855 3498 condita,
874 3433 917 3495 qul
930 3435 1064 3484 lunonem
1078 3435 1205 3484 colebant
1217 3434 1335 3496 cuprum

285 3510 356 3560 Ριιι.
373 3512 422 3577 ιιι,
442 3509 485 3561 13.
521 3514 610 3562 strae.
620 3515 655 3580 v,
669 3529 696 3576 1».
709 3514 770 3567 241.
815 3507 895 3576 ,03)
912 3518 1129 3582 ramasses.
1199 3516 1335 3584 00)οιιο

285 3595 382 3646 Bruttii
400 3591 485 3657 (Plln.
504 3597 553 3663 lll,
573 3593 623 3660 10)
643 3613 662 3650 a
677 3602 785 3653 Venere
810 3603 908 3670 τερείνῃ
930 3586 997 3655 ¹l‘an.
1016 3619 1042 3667 p.
1059 3602 1104 3655 30.
1192 3601 1245 3669 25)
1264 3608 1335 3656 Pro-

286 3681 451 3732 montorlum
472 3693 539 3732 orae
559 3678 672 3735 Atticae
694 3700 711 3736 a
734 3689 842 3737 Venere
866 3686 983 3739 (iuliade
999 3692 1079 3742 Paua.
1098 3692 1120 3758 l,
1139 3690 1165 3758 1,
1183 3689 1209 3742 5.
1281 3687 1336 3755 20)

288 3765 418 3828 Oppidum
437 3767 567 3818 Boeotiae
584 3769 701 3822 Pausan.
719 3774 773 3838 lx,
791 3771 822 3836 8,
844 3771 867 3822 1.
887 3787 904 3824 n
921 3775 1025 3826 Potniis
1044 3779 1166 3840 Deahus,
1185 3777 1289 3828 cerere
1306 3781 1335 3828 et

286 3852 466 3921 Proserpina,
491 3865 559 3917 quae
582 3860 611 3905 et
628 3857 774 3908 Potniades
796 3862 859 3909 sunt
878 3855 975 3926 (ibid.)
993 3865 1110 3914 Mueller
1128 3865 1207 3914 Orcla.
1225 3877 1252 3925 p.
1273 3862 1333 3914 125.

284 3933 338 4001 37)
355 3939 436 3990 Paua.
453 3941 502 4006 IX,
520 3937 565 4007 26,
584 3939 610 3992 6.
629 3955 645 3993 o
663 3945 750 3995 Musis
770 3942 966 3998 Θεσπιάδεσσιν.
1049 3944 1104 4013 28)
1119 3951 1200 4000 Paua.
1219 3950 1268 4017 111,
1287 3947 1332 4016 23,
1441 3978 1445 3997 ι

286 4019 311 4071 l.
330 4047 363 4058 —
381 4025 404 4089 1,
426 4021 469 4092 ll,
488 4023 513 4075 7.
532 4049 568 4062 -
586 4029 680 4080 verm
698 4032 837 4101 Κυθέρεια
861 4026 922 4098 (Mt.
945 4029 1037 4099 higna)
1060 4037 1089 4087 et
1111 4033 1248 4106 Κυθιριάς
1266 4037 1331 4088 Pan.

284 4121 311 4170 p.
327 4105 371 4160 30.
