2916 4722
272 272 343 346 130

272 469 365 536 supra
390 449 453 533 jam
484 441 686 528 exposuimus
707 434 736 519 ξ.
760 435 796 510 6,
818 451 849 494 n.
875 431 925 494 lo.
952 431 1008 505 ll,
1038 423 1235 510 eundemque
1266 421 1326 488 sub

274 549 482 620 Alexicaci
504 545 635 610 nomine
650 543 684 618 ⁴)
709 538 748 600 ab
764 533 876 600 iisdem
894 531 1010 598 cultum
1027 530 1123 595 luisse
1138 526 1215 592 inde
1231 547 1329 612 appa·

268 667 331 734 ret,
354 648 522 740 quod.sub
545 647 608 710 hoc
630 644 759 714 nominc
776 637 982 725 Apollonium
1000 636 1202 720 Tyaneusem
1224 640 1330 694 statua

275 760 350 825 urbs
373 753 543 820 honoravit
559 752 601 828 ⁵).

364 861 473 923 Statua
496 851 642 918 Herculis
673 855 838 934 praeterea
866 848 900 908 in
930 841 1036 906 medio
1066 841 1191 904 theatro
1225 841 1332 923 posita

278 972 345 1030 erat
360 963 403 1044 6),
426 981 559 1044 eumque
583 956 669 1020 numi
685 952 836 1038 Ephesiui
852 969 943 1034 quam
967 945 1092 1038 plurimi
1108 943 1257 1008 exhibent
1273 942 1317 1020 ⁷).

611 1190 662 1272 n·
708 1183 1030 1306 ranimirum

278 1443 280 1449 ,
367 1382 462 1450 Haud
490 1382 581 1466 parvi
609 1378 761 1442 momenti
788 1377 822 1440 in
857 1370 971 1438 labulis
1001 1367 1168 1454 Ephesiuis
1200 1369 1336 1452 Agame

279 1512 378 1558 moon
393 1489 491 1555 luisse
505 1483 639 1549 videtur.
675 1481 757 1544 Nam
776 1487 809 1542 et
825 1477 950 1542 Dianae
965 1472 1159 1557 Monychiae
1175 1469 1336 1554 templum,

280 1595 368 1683 quod
399 1587 542 1678 Pygelae
572 1595 640 1650 erat
669 1580 851 1648 condidisse
880 1577 1089 1654 serebatur-⁸)
1123 1584 1155 1638 ct
1183 1571 1337 1638 sacellum

282 1697 441 1786 quoddam
470 1699 506 1756 tu
533 1690 580 1772 τῷ
609 1681 789 1768 κοιλοτάτῳ
817 1683 878 1762 τῆς
904 1681 1032 1764 λίμνης’
1048 1677 1275 1750 §adstruendae
1292 1677 1336 1754 ⁹).

282 1806 329 1867 Ac
357 1799 410 1862 vel
438 1800 538 1880 ipsam
568 1791 721 1878 Pygelam
751 1789 862 1852 urbem
891 1786 932 1854 ab,
962 1785 1102 1848 exercitu
1129 1783 1196 1865 ejus
1226 1776 1339 1844 condi-

282 1916 345 1968 tam
370 1921 439 1964 esse
462 1899 632 1959 memoriae
655 1891 803 1957 traditum
827 1899 894 1952 erat
910 1889 965 1967 ¹⁰).
1004 1924 1042 1936 —
1078 1883 1207 1949 Cultum
1232 1892 1338 1945 autem

285 2001 539 2092 Agamemnonis,
554 2019 646 2082 quem
660 2017 696 2058 ex
713 1994 870 2078 frequenti
886 1993 954 2076 ejus
971 1987 1056 2076 apud
1068 1988 1227 2073 Ephesios
1243 2008 1340 2049 mem-

282 2113 372 2174 tione
397 2105 554 2189 conjicere
577 2099 659 2176 licet,
686 2119 760 2160 num
785 2118 821 2159 cx
845 2091 980 2159 Arcadia
1005 2093 1114 2156 coloni
1137 2091 1267 2175 Ephesii
1291 2111 1340 2152 se-

284 2235 354 2279 cum
379 2207 550 2274 detulerint
566 2203 627 2285 ¹¹),
657 2223 696 2267 an
727 2198 855 2264 aliunde
883 2200 1065 2283 acceperint
1080 2197 1141 2275 ¹²),
1163 2215 1223 2279 pro
1248 2203 1339 2256 certo

192 1853 206 1880 4

283 2364 484 2382 Μ

303 2520 310 2524 ¹
356 2453 391 2523 4)
408 2453 549 2508 Alexicaui
570 2455 792 2517 cognomentum,
817 2452 887 2514 qrrod
911 2453 939 2500 et
957 2445 1022 2498 lovi
1045 2450 1073 2496 et
1090 2443 1211 2507 Apollini
1233 2443 1341 2493 tribue-

285 2550 374 2612 batur,
392 2547 445 2593 lmc
463 2545 525 2592 loco
544 2540 614 2590 idem
632 2539 717 2603 valet,
736 2539 807 2600 quod
823 2531 1029 2604 Ἀποτρόπαιος,
1047 2536 1078 2582 ut
1095 2532 1228 2581 lleroules
1248 2532 1341 2592 Ephe-

285 2631 344 2682 sius
368 2629 522 2689 appellatur
544 2638 587 2687 op.
610 2625 803 2676 Philostratum
826 2625 860 2674 V.
882 2621 971 2682 Apoll.
995 2619 1155 2683 Tyan.1V,
1180 2616 1213 2666 lt)
1231 2632 1259 2679 p.
1280 2615 1340 2668 147.

287 2712 320 2779 5)
339 2715 465 2765 bactant.
483 2709 602 2760 institut.
620 2708 709 2760 llivin.
728 2709 762 2773 V,
778 2705 833 2769 3p.
847 2704 899 2758 468
913 2707 954 2754 ed.
969 2704 1089 2756 Gallaei:
1121 2703 1342 2770 „simulachrum

287 2798 348 2865 ejus
367 2799 416 2848 sub
435 2794 561 2846 Herculis
573 2791 713 2844 Alexicaci
731 2792 840 2842 nomine
858 2790 1034 2841 constitutum
1052 2792 1086 2842 ab
1100 2789 1222 2852 Ephesiis
1241 2788 1342 2839 etiam-

287 2897 360 2935 nunc
377 2873 536 2931 honoruri“.
644 2871 678 2940 6)
696 2877 853 2927 Plrllostrat.
872 2877 906 2924 V.
925 2877 1014 2939 Apoll.
1032 2877 1051 2926 l.
1070 2879 1089 2928 1.
1113 2876 1154 2927 ci.
1174 2875 1249 2939 Vlll,
1269 2873 1296 2938 7,
1315 2869 1341 2923 9.

288 2966 322 3034 7)
341 2969 443 3019 lllionn.
462 2966 511 3032 Ill,
530 2961 591 3014 411.
611 2989 644 2998 -
663 2965 756 3025 Suppl.
774 2965 822 3029 vl,
842 2959 902 3011 528.
917 2961 980 3012 536.
995 2987 1032 3000 -
1050 2962 1104 3012 Alii
1123 2949 1157 3012 in'
1170 2963 1341 3010 nostroMu-

287 3069 337 3108 eeo
356 3057 540 3106 asservantur.
570 3073 607 3086 -
636 3051 771 3100 Hercules
794 3039 861 3112 puer
883 3051 970 3099 nudus
988 3045 1056 3100 duos
1074 3051 1217 3110 serpentes
1235 3046 1342 3096 elidens

287 3139 492 3204 ln'antiquiore
513 3141 654 3201 argenteo.
671 3159 708 3174 -
726 3139 792 3187 Fae.
817 3136 885 3199 apis.
908 3137 964 3187 ΕΦ.
983 3133 1086 3186 sestlni
1108 3135 1197 3183 deser.
1221 3134 1246 3183 d.
1270 3135 1342 3182 Stat.

287 3233 351 3281 Ant.
370 3225 513 3292 (Pirenze.
534 3221 619 3284 lull)
639 3228 693 3274 tav.
712 3225 765 3288 lX,
789 3237 817 3272 n.
839 3223 870 3273 ul
900 3222 986 3284 (Mira.
1011 3225 1092 3271 llunt.
1115 3218 1220 3284 XXVI,
1240 3215 1286 3280 4).
1305 3241 1343 3254 ·-

289 3315 392 3366 lilionn.
410 3314 503 3374 suppl.
521 3312 571 3378 Vl,
589 3306 651 3359 258.
740 3303 773 3373 8)
793 3311 890 3360 Stralm
908 3309 981 3374 xlv,
1001 3321 1026 3369 p.
1044 3303 1106 3356 63⁹.
1195 3299 1232 3368 9)
1249 3307 1342 3356 Strab.

288 3403 308 3451 l.
328 3403 347 3450 l.
421 3393 470 3460 lo)
490 3397 581 3461 steph.
602 3397 668 3458 llyz.
687 3399 716 3445 et
733 3395 877 3460 Lexioogr.
901 3410 923 3444 s.
948 3409 973 3444 v.
992 3417 1026 3431 -·
1045 3391 1172 3444 Stran‘l.
1191 3393 1266 3440 1.-
1283 3393 1343 3440 llu-

291 3487 372 3535 statla.
383 3507 418 3519 -
431 3481 472 3532 Ol.
486 3495 512 3530 n.
526 3483 573 3546 Vl,
587 3495 614 3530 n.
627 3479 670 3530 55.
732 3477 782 3544 ll)
800 3483 832 3531 ln
844 3479 961 3532 Arcadia
972 3493 1039 3529 sane
1052 3463 1263 3541 Agamemnonis
1276 3477 1343 3532 culti

289 3569 410 3632 vestigia
434 3580 487 3616 non
510 3570 632 3629 exstant,
656 3567 709 3618 nisi
738 3551 856 3618 tortasse
880 3567 1024 3618 Orestcum
1045 3565 1180 3616 Arcadiae
1206 3563 1343 3626 oppidum,

291 3655 359 3718 quod
373 3655 406 3704 ab
420 3654 528 3720 Oreste,
543 3653 753 3716 Agamemnonis
771 3649 837 3718 filio,
852 3653 1014 3713 appellatum
1034 3655 1085 3714 est,
1104 3653 1155 3700 huo
1170 3652 1276 3700 referre
1291 3661 1344 3700 ve·

290 3740 334 3808 lis,
348 3741 429 3792 Prius.
442 3741 517 3806 Vlll,
536 3738 563 3807 3,
578 3737 604 3788 2.
632 3740 745 3804 Φιγαλία
759 3739 785 3788 di
804 3739 847 3788 καὶ
857 3731 1032 3805 Ὀρεσθάσιον
1047 3735 1131 3805 χρόνῳ
1149 3733 1345 3803 μεταβάλλουσι

290 3824 324 3878 τὰ
343 3821 471 3897 ὀνόματα,
487 3820 632 3893 Ὀρέστειόν
656 3844 684 3876 τε
706 3819 762 3876 dari
783 3819 910 3893 Ὀρέστου
933 3824 1060 3890 κληθεῖσα
1083 3819 1132 3874 τοῦ
1146 3816 1344 3890 Ἀγαμέμνονος

291 3913 346 3962 κτλ.
419 3907 469 3974 12)
489 3910 656 3962 Clazomenii
676 3924 771 3974 nempe
788 3913 1016 3974 Agamemnonem
1039 3911 1165 3962 colebant
1183 3904 1343 3975 (Κλαζομε-

290 3998 356 4054 νίοις
374 3998 400 4048 δὲ
419 3993 518 4064 λουτρά
536 3999 657 4046 lucenda
676 3997 703 4047 dl
721 3989 814 4054 adroic
834 3989 1003 4064 Ἀγαμέμνων
1027 3997 1078 4060 ἔχει
1099 3990 1185 4064 τιμάς.
1223 3995 1343 4044 Pausan-

291 4082 353 4150 vn,
371 4081 398 4150 5,
410 4071 468 4148 ΙΙΙ)
474 4097 483 4145 3
505 4081 545 4132 ita
562 4085 592 4132 ut
610 4081 672 4132 hino
690 4083 808 4133 fortasse
827 4083 929 4134 cultum
946 4080 1026 4132 istum
1044 4083 1178 4146 Ephesum
1197 4081 1343 4132 deductum
