2916 4722
1121 287 1193 360 143

135 463 263 542 estol.
281 466 338 532 LX
355 467 401 542 ¹²)
424 440 611 552 inquinem,
634 442 809 553 quamlnos
832 472 1003 554 posuimus,
1025 472 1191 558 periodum

134 567 260 636 incidit.
307 568 373 653 Qui
396 581 513 656 quanta
535 569 732 659 malignitate
747 582 841 658 atque
864 575 1034 640 acerbitate
1057 599 1132 646 usus
1151 582 1192 643 sit

136 694 158 736 e
180 671 299 751 fabula,
321 694 413 757 quam
437 674 557 740 Plinius
580 685 688 740 narrat
704 676 759 755 ¹³),
783 681 936 765 cognosci
958 688 1074 765 potest.

226 778 341 862 Neque
363 786 468 842 tamen
491 780 524 842 in
547 781 688 863 privatos
712 789 831 844 tantum
854 801 926 846 eom
949 785 1111 862 saeviisse,
1133 785 1191 850 sed

134 901 179 948 ue
202 879 406 964 erepublica
436 880 561 969 quidem
588 883 777 960 abstinuisse
807 884 882 948 inde
906 884 1054 950 concludi
1076 872 1193 972 potest,

136 982 227 1069 quod
250 995 274 1046 a‘
290 985 444 1067 tyrannis
468 985 581 1068 quibus
604 995 669 1050 tum
685 988 829 1072 Ephesus
848 987 991 1074 subjecta
1006 1001 1081 1070 erat,
1098 993 1191 1056 Athe·

135 1103 261 1174 nagora
285 1097 317 1152 et
339 1085 440 1154 Coma
466 1087 525 1166 (cf.
542 1088 580 1166 ll,
603 1088 631 1173 §.
649 1091 678 1168 4,
700 1112 732 1154 n.
757 1093 894 1171 1213),
918 1113 935 1154 e
959 1096 1060 1177 patria
1081 1095 1192 1180 pulsus

136 1191 351 1258 Clazomenas
375 1189 550 1277 confugere
581 1202 709 1258 coactns
739 1195 852 1272 sit-¹⁴).
898 1198 1027 1262 Praeter
1055 1200 1192 1264 iambum

136 1305 170 1360 et
192 1297 356 1380 scripsisse
379 1292 494 1360 dicitur
517 1306 549 1360 et
578 1298 738 1362 invenisse
767 1299 944 1384 parodiam,
974 1300 1191 1381 choliambum‚

135 1398 199 1464 alia
216 1400 277 1478 ¹⁵).
741 1405 746 1413 ’

225 1504 403 1586 Antequam
426 1521 505 1580 vero
529 1501 569 1566 ad
583 1502 831 1568 Heraclitum
851 1506 1045 1586 accedamus,
1067 1509 1193 1572 Ionico-

133 1629 203 1669 rum
214 1609 268 1690 qui
282 1604 429 1668 dicuntur
441 1604 705 1690 philosophorum
721 1609 904 1698 principem,
919 1633 1011 1696 quem
1018 1613 1191 1697 Ephesium

134 1710 233 1774 fuisse
256 1728 351 1772 nemo
374 1729 504 1792 prorsus
527 1712 654 1795 ignorat
671 1710 727 1789 ¹⁶),
747 1715 857 1795 paucis
872 1722 993 1778 tantum
1016 1715 1191 1780 notandum

136 1823 195 1891 est,
218 1833 324 1897 neque
348 1821 421 1874 ante
438 1811 521 1876 hunc
537 1803 935 1901 Eplresum'philosopbiae
957 1818 1082 1882 honore
1097 1817 1192 1903 plane

136 1916 295 1980 desertam
318 1915 429 1989 fuisse;
454 1937 526 1978 nam
542 1927 574 1978 et
589 1917 671 1978 inter
686 1926 807 2002 septem
829 1924 881 2004 qui
898 1920 1046 1985 dicuntur
1068 1925 1191 2007 sapien-

75 2013 79 2017 ’
134 2031 184 2084 tes
206 2013 481 2105 Leophantus'
495 2018 620 2103 quidem
638 2021 795 2106 Ephesius
818 2022 954 2088 refertur
971 2027 1026 2105 17),
1050 2036 1082 2089 et
1096 2027 1173 2090 Phe

135 2145 202 2188 rec
206 2123 325 2210 ydem
342 2123 469 2207 Syrium
493 2132 658 2186 extremam
683 2127 766 2190 vitae
788 2137 910 2210 partem
930 2129 1049 2213 Ephesi
1072 2139 1192 2198 transe-

135 2231 223 2316 gisse
246 2230 360 2291 scimus
383 2227 492 2314 ibique
514 2235 672 2289 mortuum
696 2248 766 2290 esse
784 2227 840 2306 ¹⁸).

223 2330 262 2395 In
290 2330 503 2398 Heraclito
532 2351 624 2406 vero,
661 2333 778 2415 quippe
809 2332 897 2416 cujus
925 2333 959 2394 in
988 2331 1190 2418 philosophia

133 2437 246 2500 merita
269 2445 302 2500 et
323 2437 486 2500 notissima
509 2437 572 2498 sint
590 2435 650 2516 ¹⁹),
674 2443 706 2497 et
729 2437 755 2496 si
779 2433 819 2496 de
843 2435 881 2496 iis
902 2455 997 2520 agere
1019 2433 1122 2512 velim
1145 2441 1191 2500 ni-

133 2542 206 2620 mia,
222 2561 313 2626 quam
331 2561 411 2624 qnae
427 2540 478 2602 hic
501 2531 617 2624 exponi
636 2547 760 2627 queant,
772 2547 925 2602 -nostrum
942 2547 1062 2602 tantum
1085 2538 1117 2605 id
1134 2551 1190 2618 est,

134 2654 171 2708 ut
193 2654 310 2730 quanta
331 2646 365 2706 in
387 2642 482 2707 rebus
505 2641 639 2728 publicis
669 2640 753 2727 apud
777 2642 934 2728 Ephesios
965 2645 1032 2730 ejus
1056 2649 1190 2710 auctori-

134 2757 184 2811 tas
207 2747 304 2812 fuerit
326 2746 465 2810 breviter
493 2767 695 2831 exponamus.
747 2746 851 2831 Quam
882 2769 963 2832 quae
992 2749 1192 2826 confirment,

135 2872 204 2915 uon
226 2872 327 2936 pauca
350 2860 432 2914 sunt.
477 2851 559 2914 Nam
584 2849 680 2914 multa
704 2851 771 2936 ejus
795 2849 877 2914 dicta
901 2835 1190 2938 seruntursquibus
1230 2899 1239 2912 .

132 2955 355 3019 vehementem
384 2976 419 3018 se
443 2957 555 3018 civium
585 2975 713 3019 suorum
733 2965 1008 3026 „contrectatorem
1025 2957 1073 3036 20)
1102 2979 1191 3044 prae-

209 3161 260 3233 11)
279 3169 378 3220 aaut.
396 3182 422 3220 u.
441 3164 519 3220 1309.
626 3161 677 3230 12)
699 3165 769 3216 Plio.
792 3167 922 3228 XXXVI,
942 3163 974 3231 4,
995 3165 1021 3214 2.
1057 3165 1189 3232 „Hippo-

134 3255 226 3308 nactis
244 3256 343 3316 poetae
363 3281 394 3292 -
414 3257 521 3320 aetate,
546 3265 622 3318 quem
642 3257 745 3304 certum
764 3255 807 3302 est
829 3252 878 3304 LX
897 3251 1051 3313 olympiade
1073 3245 1190 3302 fuisse“.

38 3397 49 3416 ἱ
135 3335 189 3406 13)
207 3343 246 3392 ld.
263 3343 283 3392 1.
302 3343 321 3392 l·
393 3334 445 3404 14)
461 3332 567 3417 'strapas
587 3340 613 3390 tt
632 3336 802 3408 Κλαζομενὰς
820 3334 873 3388 ’ὑπὸ
892 3333 942 3386 τῶν
955 3332 1086 3406 τυράννων
1101 3331 1191 3403 Ἀθη·

134 3422 238 3495 ναγὸρα
256 3427 300 3477 καὶ
318 3426 404 3496 Κωμᾶ
422 3427 553 3483 ἐξελαθείς
572 3425 646 3476 Suld.
732 3419 782 3488 15)
801 3423 876 3476 said.
897 3451 927 3460 -
947 3423 1082 3475 Welcker
1100 3437 1126 3485 p¹
1144 3421 1190 3488 24,

133 3526 163 3562 ra.
182 3511 217 3563 10
235 3512 281 3578 qul
298 3510 333 3564 ccl
352 3507 417 3562 ἄλλα
436 3515 505 3574 apud
523 3511 631 3564 silidam
650 3511 741 3574 lyrica
758 3511 843 3562 hrisse
862 3513 981 3561 censet·
1040 3503 1090 3574 16)
1109 3508 1191 3575 Diog.

133 3601 168 3650 In
186 3599 235 3664 IX,
258 3597 283 3664 1,
303 3597 318 3648 l
340 3592 437 3666 ἤκμαζε
455 3602 501 3666 μὲν
524 3596 593 3648 κατὰ
617 3596 664 3664 τὴν
688 3595 792 3664 Μάτην
816 3598 860 3648 καὶ
879 3594 1014 3663 {Equestria
1033 3589 1191 3664 ὀλυμπιάδα.

134 3670 189 3748 17')
207 3688 232 3736 A
248 3684 385 3738 Leandrio
409 3687 479 3747 apud
503 3685 585 3748 Diog.
605 3686 637 3734 [a.
656 3685 679 3750 1,
700 3682 724 3749 1,
744 3697 770 3733 n.
791 3680 833 3734 14.
870 3685 1043 3744 Leopbantus
1066 3683 1110 3732 hic
1129 3683 1191 3734 aliis

133 3771 272 3824 Lebedlus
289 3774 359 3822 erat.
450 3764 501 3836 18)
519 3764 571 3822 'Ha
589 3769 638 3840 γὰρ
660 3766 776 3839 χρησμὸς
799 3762 828 3820 ὃν
846 3763 902 3834 ἤδει
920 3769 1030 3826 Maricas
1048 3764 1129 3818 τοῦτο
1149 3787 1190 3818 κι-

135 3853 216 3910 taber
234 3851 413 3923 Kui'a‘quouar
431 3851 491 3926 παρ’
511 3860 618 3918 ἐκείνοις
637 3853 779 3922 (Ephesiis
791 3849 905 3918 nempe)
924 3854 1004 3918 Diog.
1022 3857 1053 3904 Is.
1066 3855 1089 3921 l,
1110 3851 1153 3919 ll,
1167 3851 1192 3902 7.

137 3939 190 4007 19)
209 3943 441 3996 sobleiermacber
459 3945 523 3994 Ueb.
549 3947 574 3994 d.
593 3944 693 3994 Philas.
712 3941 851 3994 Heraklits
875 3943 923 3994 des
941 3941 1075 3992 Duulreln.
1112 3940 1195 3991 Wolf
1270 4003 1274 4010 ι

135 4031 167 4079 ct
182 4031 328 4082 Buttmann
345 4033 469 4082 Muscam
484 4032 537 4084 der
554 4030 697 4082 Alterthw.
719 4030 795 4079 Tem.
814 4029 835 4078 1.
906 4021 960 4092 20)
978 4029 1052 4078 Unde
1071 4019 1192 4091 ὀχλολοί-

135 4114 216 4185 δορος
233 4116 323 4168 dictus
341 4115 369 4167 in
387 4116 581 4182 epigrammate
600 4114 720 4166 Timonis
738 4115 807 4177 apud
826 4113 905 4178 Diog.
924 4116 956 4163 [ta
976 4112 1017 4164 Gf.
1037 4114 1128 4178 perulo
1146 4111 1191 4164 ia-
