2916 4722
277 282 327 356 90

278 467 324 530 rei
347 463 399 530 vei
421 463 456 530 id
478 464 580 542 obest,
603 461 690 548 quod
713 447 909 526 autochthon
924 460 980 552 ilie
995 459 1183 547 appellatur.
1219 461 1332 547 Quare

279 568 415 634 delenda
438 578 525 658 sunt,
554 587 635 652 quac
664 587 759 651 supra
788 564 829 630 de
859 563 1067 630 Cretensibus
1096 567 1220 651 conjeci
1245 588 1272 628 c.
1295 567 1333 642 ll,

277 671 306 756 §.
332 675 359 750 1,
381 693 412 736 n.
437 671 589 736 16-18.
634 669 765 736 Fabulis
783 678 886 736 autem
910 667 951 736 de
967 666 1116 753 Caystro,
1139 671 1229 754 cujus
1248 667 1334 734 filius

279 775 424 858 Ephesus
450 775 575 838 Dianae
604 773 754 859 templum
785 771 928 838 condidit
944 774 1004 853 ¹²),
1036 775 1149 858 cuique
1173 771 1334 836 Ascalone

278 878 420 942 Derceto
442 879 551 961 nupsit
580 887 612 940 et
644 877 829 942 Samiramin
862 879 973 963 genuit
997 877 1063 955 ¹³),
1096 874 1333 942 similitudinem

279 979 434 1065 quandam
464 982 547 1044 inter
574 983 723 1046 marinam
752 983 841 1047 istem
872 982 1075 1064 Assyriorum
1098 979 1201 1046 Deam
1218 979 1268 1058 ¹⁴)
1291 988 1335 1042 at—

279 1104 340 1168 que
369 1084 504 1148 Dianam
535 1084 704 1168 Ephesiam
734 1084 879 1150 denotari
907 1093 993 1148 recte
1021 1086 1084 1170 jam
1112 1081 1335 1150 animadvertit

279 1185 421 1252 Creuzer
437 1188 494 1267 ¹⁵).
541 1187 592 1256 Cf.
615 1187 644 1273 §.
669 1191 696 1266 7,
720 1209 751 1253 u.
775 1190 806 1254 4.

702 1333 782 1452 ἠ
828 1366 858 1430 5.

367 1507 421 1572 111.
467 1504 518 1570 Ad
546 1504 697 1570 attributa
725 1513 854 1570 nostrae
882 1504 974 1568 Deae
1004 1501 1194 1589 exponenda
1223 1506 1335 1568 transi-

279 1619 344 1676 tum
367 1610 516 1675 faciamus
538 1608 646 1674 fabuh
668 1608 732 1689 ilia,
755 1631 825 1695 qua,
848 1629 942 1694 quum
964 1609 1082 1694 piscem
1098 1617 1132 1670 et
1154 1627 1266 1691 aprum
1288 1604 1336 1670 lo

280 1735 349 1778 cum
371 1714 459 1778 urbis
483 1711 672 1778 condendae
693 1712 852 1777 indicasse
873 1715 1042 1777 memoriae
1064 1709 1212 1774 traditmn
1235 1711 1278 1772 sit
1295 1711 1335 1789 ¹),
1437 1741 1438 1760 ι

278 1825 445 1900 utrumque
467 1817 593 1880 Dianae
616 1813 777 1900 Ephesiae
797 1837 919 1880 sacrum
950 1816 1046 1880 [uisse
1067 1813 1161 1877 facile
1182 1817 1336 1900 perspici-

280 1926 339 1982 tur.
396 1917 527 2002 Quippe
556 1922 751 1982 notissimum
782 1930 830 1983 est
858 1920 982 1986 urbium
1010 1915 1231 2003 potiendarum
1261 1916 1334 1981 loca

280 2040 389 2083 eorum
411 2023 608 2106 potissimum
629 2025 791 2086 numinum
815 2033 869 2088 aut
891 2021 1054 2108 symbolis,
1077 2029 1132 2084 aut
1153 2023 1250 2084 sacris
1268 2023 1336 2084 ani-

198 2169 208 2188 .
279 2123 413 2189 malibus
435 2124 567 2188 iudicari
586 2127 619 2188 iu
635 2124 758 2204 fabulis,
782 2147 863 2211 quae
878 2147 955 2212 prae
979 2127 1110 2190 caeteris
1125 2125 1195 2188 Diis
1218 2133 1335 2209 postea
1437 2135 1438 2142 ’

278 2227 324 2292 ihi
354 2227 439 2294 culta
466 2229 584 2294 inerint
600 2229 643 2308 ²).
705 2230 828 2294 Piscem
856 2240 970 2309 autem,
992 2232 1059 2314 qui,
1089 2238 1247 2312 tamquam
1271 2248 1344 2292 ποι--

278 2336 322 2398 ris
350 2343 382 2397 et
409 2351 516 2420 aquae
537 2332 718 2418 symbolum
734 2334 785 2414 ⁸),
814 2357 907 2421 quam
929 2343 1004 2420 apte
1027 2355 1097 2397 cum
1122 2333 1248 2396 Dianae
1276 2353 1335 2396 no·
1436 2389 1437 2400 .

279 2446 363 2500 strae
385 2447 496 2501 natura
520 2440 690 2502 conveniat
712 2437 856 2522 (qualem
870 2460 932 2504 nos
954 2440 1148 2524 posuimus),
1171 2435 1266 2500 facile
1288 2438 1335 2498 in-

230 2601 234 2613 ,
280 2537 441 2624 telligitur,
464 2538 542 2602 alibi
564 2561 692 2625 quoque
714 2541 839 2606 Dianae
869 2563 991 2608 sacrum
1017 2543 1210 2618 invenimus,
1225 2539 1276 2602 'ut
1298 2537 1334 2602 il-

274 2639 330 2703 'los
359 2642 414 2725 qui
442 2643 476 2702 in
504 2641 596 2706 fonte
616 2645 773 2708 Arethusa
801 2655 892 2711 erant
907 2647 957 2725 4),
987 2654 1020 2709 et
1047 2646 1230 2729 saepissime
1258 2653 1336 2708 tam-

351 2880 403 2950 12)
421 2887 503 2938 Peos.
521 2890 540 2939 i.
558 2891 577 2939 1.
662 2885 714 2955 13)
733 2894 798 2947 hex.
817 2892 932 2946 audian.
951 2908 1019 2950 er.
1038 2887 1197 2961 Kuiiacpwc.
1280 2888 1334 2956 14)

278 2973 361 3026 vass.
380 2975 510 3040 (theolog.
530 2978 610 3028 Geni.
628 2978 690 3044 vn,
710 2975 753 3046 10,
775 2975 834 3031 176.
869 2981 897 3047 1,
915 2979 961 3032 23.
1051 2973 1101 3042 15)
1125 2979 1219 3044 Symh.
1241 2979 1288 3048 11,
1307 2992 1333 3041 p.

281 3056 343 3128 114,
362 3073 414 3124 qua
433 3063 466 3114 de
484 3075 515 3114 re
534 3064 569 3114 ct.
588 3057 614 3130 ᾗ.
635 3063 678 3132 13,
697 3066 803 3118 mvii.

349 3163 383 3229 1)
402 3169 547 3220 oraculum
567 3171 647 3237 enim,
667 3183 720 3234 quo
743 3172 806 3222 iooo
824 3174 916 3222 urbem
934 3173 1067 3234 ponerent
1084 3172 1221 3236 rogatum,
1240 3169 1334 3230 rephe-

279 3252 327 3303 siis
349 3254 490 3316 respondit
513 3249 529 3319 ᾗ
552 3251 585 3305 (λι
607 3254 689 3320 ἰχθὺς
712 3256 782 3325 δείξῃ
807 3259 851 3308 καὶ
874 3250 906 3314 ὗς
928 3251 1017 3326 ἄγριος
1038 3253 1207 3326 ὑφηγήσηται·
1231 3256 1334 3320 λέγεται

279 3331 333 3400 οὖν,
352 3334 421 3389 ὅπου
444 3336 489 3389 νῦν
512 3337 528 3404 ι)
551 3335 630 3410 κρήνη
651 3338 719 3392 ἐστὶν
739 3338 874 3399 Ὑπλλοιιος
897 3343 1041 3410 καλουμένη
1059 3343 1102 3392 καὶ
1121 3340 1135 3392 ὁ
1155 3340 1225 3412 ἱερὸς
1247 3339 1333 3409 λιμὴν,

279 3420 366 3480 ἁλιέας
392 3417 625 3492 ἀριστοποιεῖσθαι
647 3427 692 3477 καὶ
720 3423 771 3478 τῶν
797 3425 899 3492 ἰχθύων
926 3425 984 3477 τινὰ
1008 3421 1187 3496 ἀποθορόντα
1214 3424 1261 3478 σὺν
1285 3421 1334 3476 ἇν-

280 3509 381 3575 &pantu
393 3510 508 3560 ἐσπεσεῖν
520 3510 556 3567 εἰς
570 3510 686 3580 popurus
705 3512 749 3562 καὶ
766 3508 888 3582 ἁφθῆναι
905 3505 948 3565 ὕπ’
968 3506 1053 3584 airon
1069 3510 1173 3580 λόχμην,
1192 3516 1218 3563 ἐν
1235 3507 1254 3582 ᾖ
1265 3514 1333 3563 'irv-

278 3607 323 3655 χεν
341 3583 371 3647 ὗς
393 3585 482 3660 ἄγριος
505 3587 547 3644 ὥν.
582 3600 656 3658 Aper·
679 3601 771 3649 autem
791 3600 856 3664 igne
874 3600 1009 3652 excitatus
1027 3600 1139 3649 muitum
1157 3611 1206 3661 per
1223 3602 1333 3652 montes

280 3675 400 3726 cucurrit
410 3675 500 3740 ibique
511 3680 621 3744 sagittis
639 3685 799 3736 vulneratus
817 3686 946 3751 concidit,
959 3685 1004 3735 ubi
1017 3697 1089 3736 nunc
1106 3685 1247 3735 Minervae
1258 3687 1332 3734 tem-

279 3763 353 3824 plum
371 3765 422 3813 est.
460 3761 574 3828 Oreoph.
594 3781 636 3830 ap.
655 3769 753 3820 Athen.
772 3772 832 3836 vn,
851 3769 913 3837 361,
933 3773 1021 3821 a-d.
1102 3765 1137 3831 a)
1157 3769 1204 3821 lic
1222 3771 1332 3820 Theba·
1431 3769 1432 3786 ¹

279 3860 337 3898 rum
349 3851 439 3900 locum
451 3851 500 3900 hos
514 3849 650 3920 indicavit,
670 3858 765 3906 taurus
784 3853 893 3922 cratae,
908 3860 973 3906 cett.
989 3855 1031 3906 Gi.
1047 3857 1138 3908 oleat.
1157 3857 1191 3906 aa
1201 3855 1332 3906 philostr.

279 3935 364 3998 imag.
382 3936 418 4001 11,
437 3951 462 3998 p.
482 3933 542 3986 793.
621 3935 657 4003 3)
675 3944 766 4002 Quare
784 3943 909 4003 Neptuno
927 3942 1085 4004 saepissime
1104 3939 1239 3994 tribuitur.
1258 3943 1332 3992 Ger-

280 4021 344 4071 hard
363 4023 483 4086 vaseng.
495 4024 516 4090 1,
536 4037 562 4086 p.
580 4023 623 4076 47.
642 4024 686 4078 48.
697 4031 769 4080 -in
790 4026 878 4078 nonis
896 4028 1088 4091 Lampsacenis
1106 4026 1207 4080 sestini
1227 4026 1333 4078 stuteri

280 4110 327 4158 sot
354 4108 384 4158 Τ.
404 4109 451 4175 vi,
469 4108 487 4159 ‘i
505 4123 530 4172 p.
549 4108 593 4177 63,
612 4125 637 4162 n.
658 4111 778 4164 11-16.
800 4099 920 4165 ts-ssno.
992 4108 1027 4179 4)
1044 4114 1153 4166 Diodor.
1173 4113 1227 4165 Sic.
1247 4113 1283 4180 V,
1302 4109 1330 4162 3.
