<?xml version="1.0" encoding="UTF-8"?>
<!DOCTYPE html PUBLIC "-//W3C//DTD XHTML 1.0 Transitional//EN"
    "http://www.w3.org/TR/xhtml1/DTD/xhtml1-transitional.dtd">
<html xmlns="http://www.w3.org/1999/xhtml" xml:lang="en" lang="en">
 <head>
  <title>
</title>
<meta http-equiv="Content-Type" content="text/html;charset=utf-8" />
  <meta name='ocr-system' content='tesseract 3.04.00' />
  <meta name='ocr-capabilities' content='ocr_page ocr_carea ocr_par ocr_line ocrx_word'/>
</head>
<body>
  <div class='ocr_page' id='page_1' title='image "./ephesiaca00guhlgoog_0206.png"; bbox 0 0 2910 4726; ppageno 0'>
   <div class='ocr_carea' id='block_1_1' title="bbox 504 511 774 719">
    <p class='ocr_par' dir='ltr' id='par_1_1' title="bbox 504 511 774 719">
     <span class='ocr_line' id='line_1_1' title="bbox 504 511 774 719; baseline 0 -1"><span class='ocrx_word' id='word_1_1' title='bbox 504 511 774 719; x_wconf 69' lang='lat' dir='ltr'><strong>srllolltll.</strong></span> 
     </span>
    </p>
   </div>
   <div class='ocr_carea' id='block_1_2' title="bbox 15 783 1249 2322">
    <p class='ocr_par' dir='ltr' id='par_1_2' title="bbox 109 783 1164 1080">
     <span class='ocr_line' id='line_1_2' title="bbox 199 783 1164 875; baseline 0.008 -27"><span class='ocrx_word' id='word_1_2' title='bbox 199 783 250 848; x_wconf 86' lang='lat' dir='ltr'><strong>Ad</strong></span> <span class='ocrx_word' id='word_1_3' title='bbox 273 785 497 870; x_wconf 87' lang='lat' dir='ltr'><strong>antiquissima,</strong></span> <span class='ocrx_word' id='word_1_4' title='bbox 517 810 598 872; x_wconf 84' lang='lat' dir='ltr'><strong>quae</strong></span> <span class='ocrx_word' id='word_1_5' title='bbox 614 788 735 873; x_wconf 88' lang='lat' dir='ltr'>Ephesi</span> <span class='ocrx_word' id='word_1_6' title='bbox 757 786 953 869; x_wconf 87' lang='lat' dir='ltr'><strong>videbantur,</strong></span> <span class='ocrx_word' id='word_1_7' title='bbox 975 789 1066 875; x_wconf 89' lang='lat' dir='ltr'><strong>hujus</strong></span> <span class='ocrx_word' id='word_1_8' title='bbox 1091 790 1164 856; x_wconf 90' lang='lat' dir='ltr'><strong>artis</strong></span> 
     </span>
     <span class='ocr_line' id='line_1_3' title="bbox 109 889 1164 978; baseline 0.006 -26"><span class='ocrx_word' id='word_1_9' title='bbox 109 910 211 976; x_wconf 87' lang='lat' dir='ltr'><strong>opera</strong></span> <span class='ocrx_word' id='word_1_10' title='bbox 233 891 333 972; x_wconf 87' lang='lat' dir='ltr'><strong>ipsius</strong></span> <span class='ocrx_word' id='word_1_11' title='bbox 354 889 480 957; x_wconf 87' lang='lat' dir='ltr'><strong>Dianae</strong></span> <span class='ocrx_word' id='word_1_12' title='bbox 508 891 706 957; x_wconf 82' lang='lat' dir='ltr'><strong>simulacrum</strong></span> <span class='ocrx_word' id='word_1_13' title='bbox 734 895 887 978; x_wconf 82' lang='lat' dir='ltr'><strong>pertinet,</strong></span> <span class='ocrx_word' id='word_1_14' title='bbox 916 896 1004 978; x_wconf 88' lang='lat' dir='ltr'><strong>cujus</strong></span> <span class='ocrx_word' id='word_1_15' title='bbox 1034 893 1164 958; x_wconf 82' lang='lat' dir='ltr'><strong>formam</strong></span> 
     </span>
     <span class='ocr_line' id='line_1_4' title="bbox 109 991 1150 1080; baseline 0.008 -24"><span class='ocrx_word' id='word_1_16' title='bbox 109 1003 140 1056; x_wconf 92' lang='lat' dir='ltr'><strong>et</strong></span> <span class='ocrx_word' id='word_1_17' title='bbox 163 991 314 1058; x_wconf 87' lang='lat' dir='ltr'><strong>attributa</strong></span> <span class='ocrx_word' id='word_1_18' title='bbox 336 1014 431 1078; x_wconf 88' lang='lat' dir='ltr'><strong>supra</strong></span> <span class='ocrx_word' id='word_1_19' title='bbox 453 997 514 1080; x_wconf 89' lang='lat' dir='ltr'><strong>jam</strong></span> <span class='ocrx_word' id='word_1_20' title='bbox 530 994 752 1080; x_wconf 84' lang='lat' dir='ltr'><strong>descripsimus</strong></span> <span class='ocrx_word' id='word_1_21' title='bbox 776 1019 801 1058; x_wconf 90' lang='lat' dir='ltr'><strong>e.</strong></span> <span class='ocrx_word' id='word_1_22' title='bbox 818 996 872 1074; x_wconf 87' lang='lat'>111,</span> <span class='ocrx_word' id='word_1_23' title='bbox 893 996 921 1080; x_wconf 63' lang='grc' dir='ltr'><strong>ἕ.</strong></span> <span class='ocrx_word' id='word_1_24' title='bbox 939 999 968 1074; x_wconf 93' lang='grc'>1,</span> <span class='ocrx_word' id='word_1_25' title='bbox 991 1019 1023 1060; x_wconf 92' lang='lat' dir='ltr'><strong>n.</strong></span> <span class='ocrx_word' id='word_1_26' title='bbox 1039 1001 1150 1066; x_wconf 75' lang='lat'><strong>3-5,</strong></span> 
     </span>
    </p>

    <p class='ocr_par' dir='ltr' id='par_1_3' title="bbox 15 1087 1249 2114">
     <span class='ocr_line' id='line_1_5' title="bbox 197 1087 1163 1184; baseline 0.006 -26"><span class='ocrx_word' id='word_1_27' title='bbox 197 1087 329 1167; x_wconf 80' lang='grc' dir='ltr'><strong><em>Ξόανον</em></strong></span> <span class='ocrx_word' id='word_1_28' title='bbox 351 1095 439 1174; x_wconf 88' lang='lat' dir='ltr'><strong>illud,</strong></span> <span class='ocrx_word' id='word_1_29' title='bbox 462 1097 548 1184; x_wconf 86' lang='lat' dir='ltr'><strong>quod</strong></span> <span class='ocrx_word' id='word_1_30' title='bbox 571 1097 668 1162; x_wconf 89' lang='lat' dir='ltr'><strong>modo</strong></span> <span class='ocrx_word' id='word_1_31' title='bbox 698 1098 858 1162; x_wconf 89' lang='lat' dir='ltr'><strong>cedrinum</strong></span> <span class='ocrx_word' id='word_1_32' title='bbox 882 1099 979 1162; x_wconf 88' lang='lat' dir='ltr'><strong>luisse</strong></span> <span class='ocrx_word' id='word_1_33' title='bbox 998 1101 1043 1180; x_wconf 85' lang='lat'><strong>¹),</strong></span> <span class='ocrx_word' id='word_1_34' title='bbox 1066 1101 1163 1166; x_wconf 77' lang='lat' dir='ltr'><strong>morlo</strong></span> 
     </span>
     <span class='ocr_line' id='line_1_6' title="bbox 107 1186 1163 1286; baseline 0.008 -24"><span class='ocrx_word' id='word_1_35' title='bbox 107 1201 293 1286; x_wconf 81' lang='lat' dir='ltr'><strong>vitigineum</strong></span> <span class='ocrx_word' id='word_1_36' title='bbox 310 1199 352 1278; x_wconf 68' lang='grc'><strong>2),</strong></span> <span class='ocrx_word' id='word_1_37' title='bbox 374 1199 472 1264; x_wconf 93' lang='lat' dir='ltr'><strong>modo</strong></span> <span class='ocrx_word' id='word_1_38' title='bbox 489 1223 526 1266; x_wconf 83' lang='lat' dir='ltr'><strong>ex</strong></span> <span class='ocrx_word' id='word_1_39' title='bbox 550 1201 655 1266; x_wconf 90' lang='lat' dir='ltr'><strong>ebeno</strong></span> <span class='ocrx_word' id='word_1_40' title='bbox 671 1202 786 1266; x_wconf 85' lang='lat' dir='ltr'><strong>lactum</strong></span> <span class='ocrx_word' id='word_1_41' title='bbox 803 1201 935 1266; x_wconf 86' lang='lat' dir='ltr'><strong>traditur</strong></span> <span class='ocrx_word' id='word_1_42' title='bbox 950 1203 993 1282; x_wconf 75' lang='lat'><strong>³),</strong></span> <span class='ocrx_word' id='word_1_43' title='bbox 1015 1186 1163 1270; x_wconf 90' lang='lat' dir='ltr'><strong>summam</strong></span> 
     </span>
     <span class='ocr_line' id='line_1_7' title="bbox 107 1305 1164 1403; baseline 0.005 -37"><span class='ocrx_word' id='word_1_44' title='bbox 107 1326 177 1403; x_wconf 79' lang='lat' dir='ltr'><strong>cum</strong></span> <span class='ocrx_word' id='word_1_45' title='bbox 202 1305 423 1388; x_wconf 82' lang='lat' dir='ltr'><strong>antiquissimis</strong></span> <span class='ocrx_word' id='word_1_46' title='bbox 447 1305 644 1370; x_wconf 86' lang='lat' dir='ltr'><strong>Graecorum</strong></span> <span class='ocrx_word' id='word_1_47' title='bbox 673 1305 847 1370; x_wconf 84' lang='lat' dir='ltr'><strong>simulacris</strong></span> <span class='ocrx_word' id='word_1_48' title='bbox 876 1326 953 1390; x_wconf 87' lang='lat' dir='ltr'><strong>prae</strong></span> <span class='ocrx_word' id='word_1_49' title='bbox 982 1327 1017 1368; x_wconf 88' lang='lat' dir='ltr'><strong>se</strong></span> <span class='ocrx_word' id='word_1_50' title='bbox 1042 1307 1103 1370; x_wconf 87' lang='lat' dir='ltr'><strong>lert</strong></span> <span class='ocrx_word' id='word_1_51' title='bbox 1125 1310 1164 1371; x_wconf 88' lang='lat' dir='ltr'><strong>si·</strong></span> 
     </span>
     <span class='ocr_line' id='line_1_8' title="bbox 106 1404 1166 1496; baseline 0.002 -26"><span class='ocrx_word' id='word_1_52' title='bbox 106 1404 330 1480; x_wconf 66' lang='lat' dir='ltr'><strong>militudinem</strong></span> <span class='ocrx_word' id='word_1_53' title='bbox 354 1427 426 1469; x_wconf 75' lang='lat' dir='ltr'><strong>riam</strong></span> <span class='ocrx_word' id='word_1_54' title='bbox 442 1419 477 1471; x_wconf 93' lang='lat' dir='ltr'><strong>ut</strong></span> <span class='ocrx_word' id='word_1_55' title='bbox 491 1411 630 1472; x_wconf 90' lang='lat' dir='ltr'><strong>Junonis</strong></span> <span class='ocrx_word' id='word_1_56' title='bbox 653 1408 852 1474; x_wconf 81' lang='lat' dir='ltr'><strong>simulacrum</strong></span> <span class='ocrx_word' id='word_1_57' title='bbox 876 1407 960 1494; x_wconf 90' lang='lat' dir='ltr'><strong>apud</strong></span> <span class='ocrx_word' id='word_1_58' title='bbox 977 1409 1113 1496; x_wconf 79' lang='lat' dir='ltr'><strong>Argivos</strong></span> <span class='ocrx_word' id='word_1_59' title='bbox 1130 1412 1166 1490; x_wconf 90' lang='lat'><strong>⁴)</strong></span> 
     </span>
     <span class='ocr_line' id='line_1_9' title="bbox 109 1509 1164 1599; baseline 0.002 -25"><span class='ocrx_word' id='word_1_60' title='bbox 109 1520 140 1574; x_wconf 88' lang='lat' dir='ltr'><strong>et</strong></span> <span class='ocrx_word' id='word_1_61' title='bbox 163 1509 325 1596; x_wconf 81' lang='lat' dir='ltr'><strong>Apollinis</strong></span> <span class='ocrx_word' id='word_1_62' title='bbox 349 1509 432 1594; x_wconf 87' lang='lat' dir='ltr'><strong>apud</strong></span> <span class='ocrx_word' id='word_1_63' title='bbox 451 1511 627 1578; x_wconf 84' lang='lat' dir='ltr'><strong>Dorienses</strong></span> <span class='ocrx_word' id='word_1_64' title='bbox 650 1513 781 1599; x_wconf 86' lang='lat' dir='ltr'><strong>simplex</strong></span> <span class='ocrx_word' id='word_1_65' title='bbox 803 1513 882 1576; x_wconf 84' lang='grc' dir='ltr'><strong><em>κίων</em></strong></span> <span class='ocrx_word' id='word_1_66' title='bbox 898 1513 942 1592; x_wconf 80' lang='lat'><strong>⁵),</strong></span> <span class='ocrx_word' id='word_1_67' title='bbox 962 1515 1101 1576; x_wconf 89' lang='lat' dir='ltr'><strong>Junonis</strong></span> <span class='ocrx_word' id='word_1_68' title='bbox 1124 1515 1164 1576; x_wconf 89' lang='lat' dir='ltr'><strong>si-</strong></span> 
     </span>
     <span class='ocr_line' id='line_1_10' title="bbox 106 1611 1164 1702; baseline 0.004 -26"><span class='ocrx_word' id='word_1_69' title='bbox 106 1635 205 1701; x_wconf 83' lang='lat' dir='ltr'><strong>gnum</strong></span> <span class='ocrx_word' id='word_1_70' title='bbox 230 1611 313 1698; x_wconf 90' lang='lat' dir='ltr'><strong>apud</strong></span> <span class='ocrx_word' id='word_1_71' title='bbox 330 1613 453 1678; x_wconf 91' lang='lat' dir='ltr'><strong>Samios</strong></span> <span class='ocrx_word' id='word_1_72' title='bbox 469 1619 564 1692; x_wconf 85' lang='grc' dir='ltr'><strong><em>σανίς</em></strong></span> <span class='ocrx_word' id='word_1_73' title='bbox 581 1617 622 1694; x_wconf 73' lang='lat'><strong>⁶),</strong></span> <span class='ocrx_word' id='word_1_74' title='bbox 645 1617 810 1680; x_wconf 86' lang='lat' dir='ltr'><strong>Minervae</strong></span> <span class='ocrx_word' id='word_1_75' title='bbox 827 1614 911 1702; x_wconf 86' lang='lat' dir='ltr'><strong>apud</strong></span> <span class='ocrx_word' id='word_1_76' title='bbox 927 1614 1060 1678; x_wconf 71' lang='lat' dir='ltr'><strong>lindius</strong></span> <span class='ocrx_word' id='word_1_77' title='bbox 1075 1617 1164 1680; x_wconf 84' lang='grc' dir='ltr'><strong><em>λεῖον</em></strong></span> 
     </span>
     <span class='ocr_line' id='line_1_11' title="bbox 15 1711 1163 1805; baseline -0.002 -21"><span class='ocrx_word' id='word_1_78' title='bbox 15 1779 16 1784; x_wconf 73' lang='grc'>,</span> <span class='ocrx_word' id='word_1_79' title='bbox 108 1719 181 1793; x_wconf 77' lang='grc' dir='ltr'><strong><em>ἕδος</em></strong></span> <span class='ocrx_word' id='word_1_80' title='bbox 193 1719 233 1798; x_wconf 81' lang='lat'><strong>⁷),</strong></span> <span class='ocrx_word' id='word_1_81' title='bbox 245 1711 381 1780; x_wconf 86' lang='lat' dir='ltr'><strong>Veneris</strong></span> <span class='ocrx_word' id='word_1_82' title='bbox 397 1716 482 1804; x_wconf 90' lang='lat' dir='ltr'><strong>apud</strong></span> <span class='ocrx_word' id='word_1_83' title='bbox 497 1720 635 1804; x_wconf 86' lang='lat' dir='ltr'><strong>Paphios</strong></span> <span class='ocrx_word' id='word_1_84' title='bbox 653 1730 753 1784; x_wconf 88' lang='lat' dir='ltr'><strong>meta</strong></span> <span class='ocrx_word' id='word_1_85' title='bbox 769 1718 948 1805; x_wconf 87' lang='lat' dir='ltr'><strong>appellatur</strong></span> <span class='ocrx_word' id='word_1_86' title='bbox 963 1719 1005 1799; x_wconf 74' lang='grc'><strong>8);</strong></span> <span class='ocrx_word' id='word_1_87' title='bbox 1021 1731 1163 1784; x_wconf 88' lang='lat' dir='ltr'><strong>nostrum</strong></span> 
     </span>
     <span class='ocr_line' id='line_1_12' title="bbox 106 1819 1249 1908; baseline 0.002 -24"><span class='ocrx_word' id='word_1_88' title='bbox 106 1819 307 1886; x_wconf 89' lang='lat' dir='ltr'><strong>simulacrum</strong></span> <span class='ocrx_word' id='word_1_89' title='bbox 322 1821 443 1908; x_wconf 78' lang='grc' dir='ltr'><strong><em>βρέτας</em></strong></span> <span class='ocrx_word' id='word_1_90' title='bbox 458 1821 545 1888; x_wconf 88' lang='lat' dir='ltr'><strong>audit</strong></span> <span class='ocrx_word' id='word_1_91' title='bbox 560 1825 593 1902; x_wconf 84' lang='lat'><strong>⁹)</strong></span> <span class='ocrx_word' id='word_1_92' title='bbox 618 1834 657 1902; x_wconf 88' lang='lat' dir='ltr'><strong>et,</strong></span> <span class='ocrx_word' id='word_1_93' title='bbox 680 1834 715 1888; x_wconf 94' lang='lat' dir='ltr'><strong>ut</strong></span> <span class='ocrx_word' id='word_1_94' title='bbox 729 1821 905 1887; x_wconf 89' lang='lat' dir='ltr'><strong>Palladium</strong></span> <span class='ocrx_word' id='word_1_95' title='bbox 922 1823 1095 1908; x_wconf 88' lang='lat' dir='ltr'><strong>Trojanum</strong></span> <span class='ocrx_word' id='word_1_96' title='bbox 1115 1824 1162 1904; x_wconf 89' lang='lat'><strong>¹⁰)</strong></span> <span class='ocrx_word' id='word_1_97' title='bbox 1248 1847 1249 1852; x_wconf 49' lang='lat'>¹</span> 
     </span>
     <span class='ocr_line' id='line_1_13' title="bbox 102 1923 1163 2014; baseline 0.003 -27"><span class='ocrx_word' id='word_1_98' title='bbox 102 1925 231 2010; x_wconf 80' lang='lat' dir='ltr'><strong>aliaque</strong></span> <span class='ocrx_word' id='word_1_99' title='bbox 254 1923 451 1990; x_wconf 85' lang='lat' dir='ltr'><strong>Graecorum</strong></span> <span class='ocrx_word' id='word_1_100' title='bbox 478 1925 643 1990; x_wconf 88' lang='lat' dir='ltr'><strong>simulacra</strong></span> <span class='ocrx_word' id='word_1_101' title='bbox 672 1950 763 2012; x_wconf 89' lang='lat' dir='ltr'><strong>quam</strong></span> <span class='ocrx_word' id='word_1_102' title='bbox 793 1926 926 2014; x_wconf 86' lang='lat' dir='ltr'><strong>plurima</strong></span> <span class='ocrx_word' id='word_1_103' title='bbox 944 1925 990 2009; x_wconf 81' lang='grc'><strong>11)</strong></span> <span class='ocrx_word' id='word_1_104' title='bbox 1018 1927 1163 2004; x_wconf 77' lang='grc' dir='ltr'><strong><em>διοπετὲς</em></strong></span> 
     </span>
     <span class='ocr_line' id='line_1_14' title="bbox 15 2026 809 2114; baseline 0.008 -23"><span class='ocrx_word' id='word_1_105' title='bbox 15 2041 16 2046; x_wconf 76' lang='grc'>’</span> <span class='ocrx_word' id='word_1_106' title='bbox 105 2031 125 2092; x_wconf 90' lang='lat' dir='ltr'><strong>i.</strong></span> <span class='ocrx_word' id='word_1_107' title='bbox 151 2051 180 2094; x_wconf 88' lang='lat' dir='ltr'><strong>e.</strong></span> <span class='ocrx_word' id='word_1_108' title='bbox 205 2050 223 2092; x_wconf 90' lang='lat' dir='ltr'><strong>e</strong></span> <span class='ocrx_word' id='word_1_109' title='bbox 246 2026 339 2092; x_wconf 92' lang='lat' dir='ltr'><strong>coelo</strong></span> <span class='ocrx_word' id='word_1_110' title='bbox 364 2027 524 2114; x_wconf 87' lang='lat' dir='ltr'><strong>delapsum</strong></span> <span class='ocrx_word' id='word_1_111' title='bbox 550 2030 736 2096; x_wconf 83' lang='lat' dir='ltr'><strong>credebatur</strong></span> <span class='ocrx_word' id='word_1_112' title='bbox 753 2033 809 2112; x_wconf 70' lang='lat'><strong>¹²),</strong></span> 
     </span>
    </p>

    <p class='ocr_par' dir='ltr' id='par_1_4' title="bbox 105 2123 1244 2322">
     <span class='ocr_line' id='line_1_15' title="bbox 196 2123 1162 2218; baseline 0 -22"><span class='ocrx_word' id='word_1_113' title='bbox 196 2131 348 2216; x_wconf 86' lang='lat' dir='ltr'><strong>Quamvis</strong></span> <span class='ocrx_word' id='word_1_114' title='bbox 371 2135 468 2218; x_wconf 80' lang='lat' dir='ltr'><strong>igitur</strong></span> <span class='ocrx_word' id='word_1_115' title='bbox 491 2146 625 2218; x_wconf 90' lang='lat' dir='ltr'><strong>propter</strong></span> <span class='ocrx_word' id='word_1_116' title='bbox 638 2123 789 2198; x_wconf 88' lang='lat' dir='ltr'><strong>summam</strong></span> <span class='ocrx_word' id='word_1_117' title='bbox 805 2134 963 2198; x_wconf 88' lang='lat' dir='ltr'><strong>simulacri</strong></span> <span class='ocrx_word' id='word_1_118' title='bbox 975 2142 1162 2196; x_wconf 85' lang='lat' dir='ltr'><strong>vetustatem</strong></span> 
     </span>
     <span class='ocr_line' id='line_1_16' title="bbox 105 2235 1244 2322; baseline -0.002 -24"><span class='ocrx_word' id='word_1_119' title='bbox 105 2235 244 2299; x_wconf 86' lang='lat' dir='ltr'><strong>artifices</strong></span> <span class='ocrx_word' id='word_1_120' title='bbox 268 2238 336 2321; x_wconf 87' lang='lat' dir='ltr'><strong>ejus</strong></span> <span class='ocrx_word' id='word_1_121' title='bbox 358 2237 409 2298; x_wconf 84' lang='lat' dir='ltr'><strong>vix</strong></span> <span class='ocrx_word' id='word_1_122' title='bbox 432 2239 501 2298; x_wconf 91' lang='lat' dir='ltr'><strong>noti</strong></span> <span class='ocrx_word' id='word_1_123' title='bbox 524 2258 594 2300; x_wconf 89' lang='lat' dir='ltr'><strong>esse</strong></span> <span class='ocrx_word' id='word_1_124' title='bbox 616 2240 803 2322; x_wconf 88' lang='lat' dir='ltr'><strong>potuissent,</strong></span> <span class='ocrx_word' id='word_1_125' title='bbox 825 2237 958 2322; x_wconf 86' lang='lat' dir='ltr'><strong>Ephesii</strong></span> <span class='ocrx_word' id='word_1_126' title='bbox 975 2246 1088 2310; x_wconf 83' lang='lat' dir='ltr'><strong>tornea,</strong></span> <span class='ocrx_word' id='word_1_127' title='bbox 1111 2255 1162 2298; x_wconf 90' lang='lat' dir='ltr'><strong>so·</strong></span> <span class='ocrx_word' id='word_1_128' title='bbox 1240 2247 1244 2250; x_wconf 84' lang='grc'><em>“</em></span> 
     </span>
    </p>
   </div>
   <div class='ocr_carea' id='block_1_3' title="bbox 15 2323 1284 2942">
    <p class='ocr_par' dir='ltr' id='par_1_5' title="bbox 15 2323 1161 2728">
     <span class='ocr_line' id='line_1_17' title="bbox 104 2323 1161 2417; baseline -0.002 -15"><span class='ocrx_word' id='word_1_129' title='bbox 104 2340 163 2403; x_wconf 87' lang='lat' dir='ltr'><strong>lito</strong></span> <span class='ocrx_word' id='word_1_130' title='bbox 188 2339 386 2403; x_wconf 88' lang='lat' dir='ltr'><strong>Graecorum</strong></span> <span class='ocrx_word' id='word_1_131' title='bbox 409 2359 506 2417; x_wconf 90' lang='lat' dir='ltr'><strong>more,</strong></span> <span class='ocrx_word' id='word_1_132' title='bbox 529 2339 626 2403; x_wconf 91' lang='lat' dir='ltr'><strong>modo</strong></span> <span class='ocrx_word' id='word_1_133' title='bbox 650 2338 894 2404; x_wconf 85' lang='lat' dir='ltr'><strong>Pandemion</strong></span> <span class='ocrx_word' id='word_1_134' title='bbox 917 2323 1161 2404; x_wconf 64' lang='lat' dir='ltr'><strong>statuam&#39;illam</strong></span> 
     </span>
     <span class='ocr_line' id='line_1_18' title="bbox 104 2441 1161 2526; baseline -0.002 -20"><span class='ocrx_word' id='word_1_135' title='bbox 104 2444 219 2510; x_wconf 86' lang='lat' dir='ltr'><strong>iecisse</strong></span> <span class='ocrx_word' id='word_1_136' title='bbox 242 2451 408 2506; x_wconf 84' lang='lat' dir='ltr'><strong>narrarunt</strong></span> <span class='ocrx_word' id='word_1_137' title='bbox 425 2443 482 2524; x_wconf 82' lang='lat'><strong>¹³),</strong></span> <span class='ocrx_word' id='word_1_138' title='bbox 499 2441 597 2506; x_wconf 90' lang='lat' dir='ltr'><strong>modo</strong></span> <span class='ocrx_word' id='word_1_139' title='bbox 622 2441 842 2521; x_wconf 89' lang='lat' dir='ltr'><strong>Endueum‚</strong></span> <span class='ocrx_word' id='word_1_140' title='bbox 865 2441 1002 2506; x_wconf 87' lang='lat' dir='ltr'><strong>Daedali</strong></span> <span class='ocrx_word' id='word_1_141' title='bbox 1027 2441 1161 2526; x_wconf 85' lang='lat' dir='ltr'><strong>discipu-</strong></span> 
     </span>
     <span class='ocr_line' id='line_1_19' title="bbox 103 2545 1160 2632; baseline -0.004 -22"><span class='ocrx_word' id='word_1_142' title='bbox 103 2546 178 2625; x_wconf 91' lang='lat' dir='ltr'><strong>lum,</strong></span> <span class='ocrx_word' id='word_1_143' title='bbox 203 2549 255 2632; x_wconf 89' lang='lat' dir='ltr'><strong>qui</strong></span> <span class='ocrx_word' id='word_1_144' title='bbox 271 2546 437 2610; x_wconf 88' lang='lat' dir='ltr'><strong>Minervae</strong></span> <span class='ocrx_word' id='word_1_145' title='bbox 453 2567 581 2631; x_wconf 90' lang='lat' dir='ltr'><strong>quoque</strong></span> <span class='ocrx_word' id='word_1_146' title='bbox 604 2549 851 2632; x_wconf 88' lang='lat' dir='ltr'><strong>antiquissimum</strong></span> <span class='ocrx_word' id='word_1_147' title='bbox 874 2545 1160 2632; x_wconf 80' lang='lat' dir='ltr'><strong>signumEplrcsiis</strong></span> 
     </span>
     <span class='ocr_line' id='line_1_20' title="bbox 15 2644 1044 2728; baseline -0.002 -14"><span class='ocrx_word' id='word_1_148' title='bbox 15 2681 16 2686; x_wconf 43' lang='lat'>¹</span> <span class='ocrx_word' id='word_1_149' title='bbox 107 2651 222 2714; x_wconf 84' lang='lat' dir='ltr'><strong>iecisse</strong></span> <span class='ocrx_word' id='word_1_150' title='bbox 245 2648 429 2714; x_wconf 89' lang='lat' dir='ltr'><strong>tradebatur</strong></span> <span class='ocrx_word' id='word_1_151' title='bbox 446 2649 502 2728; x_wconf 84' lang='lat'>¹⁴).</span> <span class='ocrx_word' id='word_1_152' title='bbox 1040 2644 1044 2648; x_wconf 64' lang='grc'><strong>’</strong></span> 
     </span>
    </p>

    <p class='ocr_par' dir='ltr' id='par_1_6' title="bbox 15 2752 1284 2942">
     <span class='ocr_line' id='line_1_21' title="bbox 192 2752 1162 2839; baseline -0.005 -21"><span class='ocrx_word' id='word_1_153' title='bbox 192 2753 277 2818; x_wconf 91' lang='lat' dir='ltr'><strong>lllud</strong></span> <span class='ocrx_word' id='word_1_154' title='bbox 298 2756 396 2839; x_wconf 82' lang='lat' dir='ltr'><strong>igitur</strong></span> <span class='ocrx_word' id='word_1_155' title='bbox 418 2755 665 2838; x_wconf 81' lang='lat' dir='ltr'><strong>antiquissimum</strong></span> <span class='ocrx_word' id='word_1_156' title='bbox 692 2752 906 2831; x_wconf 87' lang='lat' dir='ltr'><strong>simulacrum,</strong></span> <span class='ocrx_word' id='word_1_157' title='bbox 935 2775 994 2838; x_wconf 91' lang='lat' dir='ltr'><strong>per</strong></span> <span class='ocrx_word' id='word_1_158' title='bbox 1022 2762 1072 2816; x_wconf 93' lang='lat' dir='ltr'><strong>tot</strong></span> <span class='ocrx_word' id='word_1_159' title='bbox 1095 2773 1162 2814; x_wconf 90' lang='lat' dir='ltr'><strong>sae-</strong></span> 
     </span>
     <span class='ocr_line' id='line_1_22' title="bbox 15 2852 1284 2942; baseline 0.002 -22"><span class='ocrx_word' id='word_1_160' title='bbox 15 2899 16 2906; x_wconf 41' lang='lat'>1</span> <span class='ocrx_word' id='word_1_161' title='bbox 103 2856 175 2921; x_wconf 88' lang='lat' dir='ltr'><strong>cula</strong></span> <span class='ocrx_word' id='word_1_162' title='bbox 202 2879 370 2942; x_wconf 85' lang='lat' dir='ltr'><strong>numquam</strong></span> <span class='ocrx_word' id='word_1_163' title='bbox 393 2868 543 2922; x_wconf 86' lang='lat' dir='ltr'><strong>motatum</strong></span> <span class='ocrx_word' id='word_1_164' title='bbox 570 2867 618 2922; x_wconf 90' lang='lat' dir='ltr'><strong>est</strong></span> <span class='ocrx_word' id='word_1_165' title='bbox 640 2858 698 2937; x_wconf 89' lang='lat' dir='ltr'><strong>(cl.</strong></span> <span class='ocrx_word' id='word_1_166' title='bbox 721 2858 749 2942; x_wconf 64' lang='grc' dir='ltr'><strong>ἓ.</strong></span> <span class='ocrx_word' id='word_1_167' title='bbox 772 2860 802 2936; x_wconf 78' lang='grc'><strong>2,</strong></span> <span class='ocrx_word' id='word_1_168' title='bbox 826 2880 856 2923; x_wconf 92' lang='lat' dir='ltr'><strong>n.</strong></span> <span class='ocrx_word' id='word_1_169' title='bbox 880 2860 933 2923; x_wconf 79' lang='lat'><strong>41.</strong></span> <span class='ocrx_word' id='word_1_170' title='bbox 958 2858 1085 2937; x_wconf 77' lang='lat'>42)¹⁵)</span> <span class='ocrx_word' id='word_1_171' title='bbox 1107 2852 1195 2922; x_wconf 67' lang='lat' dir='ltr'><strong>ne-&#39;</strong></span> <span class='ocrx_word' id='word_1_172' title='bbox 1280 2883 1284 2898; x_wconf 78' lang='lat'><em>·</em></span> 
     </span>
    </p>
   </div>
   <div class='ocr_carea' id='block_1_4' title="bbox 103 3025 1160 3788">
    <p class='ocr_par' dir='ltr' id='par_1_7' title="bbox 103 3025 1160 3788">
     <span class='ocr_line' id='line_1_23' title="bbox 178 3025 1159 3099; baseline 0.007 -22"><span class='ocrx_word' id='word_1_173' title='bbox 178 3025 212 3092; x_wconf 91' lang='lat'><strong>1)</strong></span> <span class='ocrx_word' id='word_1_174' title='bbox 231 3029 338 3080; x_wconf 72' lang='lat' dir='ltr'><strong>vitruv.</strong></span> <span class='ocrx_word' id='word_1_175' title='bbox 357 3033 393 3099; x_wconf 87' lang='lat' dir='ltr'><strong>ll,</strong></span> <span class='ocrx_word' id='word_1_176' title='bbox 412 3030 438 3082; x_wconf 87' lang='grc'><strong>9.</strong></span> <span class='ocrx_word' id='word_1_177' title='bbox 496 3029 531 3096; x_wconf 79' lang='lat'><strong>2)</strong></span> <span class='ocrx_word' id='word_1_178' title='bbox 549 3034 692 3083; x_wconf 80' lang='lat' dir='ltr'><strong>Mucianus</strong></span> <span class='ocrx_word' id='word_1_179' title='bbox 711 3039 780 3096; x_wconf 86' lang='lat' dir='ltr'><strong>apud</strong></span> <span class='ocrx_word' id='word_1_180' title='bbox 800 3033 915 3084; x_wconf 86' lang='lat' dir='ltr'><strong>Plinium</strong></span> <span class='ocrx_word' id='word_1_181' title='bbox 932 3037 1006 3098; x_wconf 82' lang='lat' dir='ltr'><strong>le,</strong></span> <span class='ocrx_word' id='word_1_182' title='bbox 1027 3031 1069 3084; x_wconf 80' lang='lat'><strong>79.</strong></span> <span class='ocrx_word' id='word_1_183' title='bbox 1124 3031 1159 3096; x_wconf 84' lang='lat'><strong>3)</strong></span> 
     </span>
     <span class='ocr_line' id='line_1_24' title="bbox 103 3111 1159 3181; baseline 0 -13"><span class='ocrx_word' id='word_1_184' title='bbox 103 3111 198 3168; x_wconf 76' lang='lat' dir='ltr'><strong>Ueteri</strong></span> <span class='ocrx_word' id='word_1_185' title='bbox 217 3128 251 3164; x_wconf 87' lang='lat' dir='ltr'><strong>ex</strong></span> <span class='ocrx_word' id='word_1_186' title='bbox 269 3117 355 3167; x_wconf 88' lang='lat' dir='ltr'><strong>ebeno</strong></span> <span class='ocrx_word' id='word_1_187' title='bbox 379 3131 441 3168; x_wconf 88' lang='lat' dir='ltr'><strong>esse</strong></span> <span class='ocrx_word' id='word_1_188' title='bbox 465 3119 575 3168; x_wconf 84' lang='lat' dir='ltr'><strong>traduat</strong></span> <span class='ocrx_word' id='word_1_189' title='bbox 597 3117 667 3167; x_wconf 87' lang='lat' dir='ltr'><strong>Plln.</strong></span> <span class='ocrx_word' id='word_1_190' title='bbox 685 3119 705 3166; x_wconf 87' lang='lat' dir='ltr'><strong>l.</strong></span> <span class='ocrx_word' id='word_1_191' title='bbox 724 3120 743 3166; x_wconf 92' lang='grc'><strong>1.</strong></span> <span class='ocrx_word' id='word_1_192' title='bbox 823 3111 825 3116; x_wconf 76' lang='grc'>’</span> <span class='ocrx_word' id='word_1_193' title='bbox 850 3113 885 3181; x_wconf 82' lang='grc' dir='ltr'><strong>ιλ)</strong></span> <span class='ocrx_word' id='word_1_194' title='bbox 910 3117 994 3167; x_wconf 73' lang='lat' dir='ltr'><strong>clem.</strong></span> <span class='ocrx_word' id='word_1_195' title='bbox 1014 3121 1159 3168; x_wconf 79' lang='lat' dir='ltr'><strong>Alexandr.</strong></span> 
     </span>
     <span class='ocr_line' id='line_1_25' title="bbox 103 3197 1158 3269; baseline -0.002 -15"><span class='ocrx_word' id='word_1_196' title='bbox 103 3205 234 3254; x_wconf 77' lang='lat' dir='ltr'><strong>stromat.</strong></span> <span class='ocrx_word' id='word_1_197' title='bbox 252 3203 274 3268; x_wconf 89' lang='lat'><strong>1,</strong></span> <span class='ocrx_word' id='word_1_198' title='bbox 295 3217 320 3264; x_wconf 78' lang='lat' dir='ltr'><strong>p.</strong></span> <span class='ocrx_word' id='word_1_199' title='bbox 338 3201 399 3255; x_wconf 81' lang='lat' dir='ltr'><strong>lle.</strong></span> <span class='ocrx_word' id='word_1_200' title='bbox 480 3199 513 3265; x_wconf 87' lang='grc'><strong>5)</strong></span> <span class='ocrx_word' id='word_1_201' title='bbox 532 3204 648 3252; x_wconf 88' lang='lat' dir='ltr'><strong>Mueller</strong></span> <span class='ocrx_word' id='word_1_202' title='bbox 665 3205 730 3253; x_wconf 89' lang='lat' dir='ltr'><strong>Dor.</strong></span> <span class='ocrx_word' id='word_1_203' title='bbox 748 3205 771 3269; x_wconf 85' lang='grc'>1,</span> <span class='ocrx_word' id='word_1_204' title='bbox 791 3217 816 3264; x_wconf 85' lang='lat' dir='ltr'><strong>p.</strong></span> <span class='ocrx_word' id='word_1_205' title='bbox 834 3199 897 3252; x_wconf 77' lang='lat'><strong>299.</strong></span> <span class='ocrx_word' id='word_1_206' title='bbox 973 3197 1007 3266; x_wconf 88' lang='grc'><strong>6)</strong></span> <span class='ocrx_word' id='word_1_207' title='bbox 1027 3202 1158 3252; x_wconf 82' lang='lat' dir='ltr'><strong>Gallina-</strong></span> 
     </span>
     <span class='ocr_line' id='line_1_26' title="bbox 103 3282 1160 3356; baseline -0.001 -17"><span class='ocrx_word' id='word_1_208' title='bbox 103 3292 173 3339; x_wconf 83' lang='lat' dir='ltr'><strong>clrus</strong></span> <span class='ocrx_word' id='word_1_209' title='bbox 191 3301 234 3350; x_wconf 80' lang='lat' dir='ltr'><strong>ap.</strong></span> <span class='ocrx_word' id='word_1_210' title='bbox 253 3291 351 3339; x_wconf 83' lang='lat' dir='ltr'><strong>Enseb.</strong></span> <span class='ocrx_word' id='word_1_211' title='bbox 371 3291 467 3352; x_wconf 75' lang='lat' dir='ltr'><strong>Praen.</strong></span> <span class='ocrx_word' id='word_1_212' title='bbox 486 3291 590 3352; x_wconf 81' lang='lat' dir='ltr'><strong>Evang.</strong></span> <span class='ocrx_word' id='word_1_213' title='bbox 609 3290 658 3356; x_wconf 83' lang='lat' dir='ltr'><strong>lll,</strong></span> <span class='ocrx_word' id='word_1_214' title='bbox 677 3286 703 3339; x_wconf 88' lang='lat'><strong>8.</strong></span> <span class='ocrx_word' id='word_1_215' title='bbox 792 3282 827 3353; x_wconf 92' lang='lat'><strong>7)</strong></span> <span class='ocrx_word' id='word_1_216' title='bbox 845 3285 962 3337; x_wconf 86' lang='lat' dir='ltr'><strong>Mueller</strong></span> <span class='ocrx_word' id='word_1_217' title='bbox 979 3290 1059 3337; x_wconf 82' lang='lat' dir='ltr'><strong>Aron.</strong></span> <span class='ocrx_word' id='word_1_218' title='bbox 1079 3285 1128 3354; x_wconf 82' lang='grc'><strong>66,</strong></span> <span class='ocrx_word' id='word_1_219' title='bbox 1147 3291 1160 3338; x_wconf 89' lang='lat' dir='ltr'><strong>l</strong></span> 
     </span>
     <span class='ocr_line' id='line_1_27' title="bbox 104 3369 1159 3441; baseline -0.002 -17"><span class='ocrx_word' id='word_1_220' title='bbox 104 3391 131 3438; x_wconf 81' lang='lat' dir='ltr'><strong>p.</strong></span> <span class='ocrx_word' id='word_1_221' title='bbox 152 3374 196 3424; x_wconf 75' lang='lat'><strong>⁴5.</strong></span> <span class='ocrx_word' id='word_1_222' title='bbox 268 3369 304 3440; x_wconf 85' lang='grc'>8)</span> <span class='ocrx_word' id='word_1_223' title='bbox 322 3377 409 3426; x_wconf 70' lang='lat' dir='ltr'><strong>Tacit.</strong></span> <span class='ocrx_word' id='word_1_224' title='bbox 429 3376 497 3426; x_wconf 85' lang='lat' dir='ltr'><strong>lllst.</strong></span> <span class='ocrx_word' id='word_1_225' title='bbox 516 3377 552 3441; x_wconf 86' lang='lat'><strong>11,</strong></span> <span class='ocrx_word' id='word_1_226' title='bbox 570 3374 597 3424; x_wconf 87' lang='grc'><strong>3.</strong></span> <span class='ocrx_word' id='word_1_227' title='bbox 665 3369 700 3440; x_wconf 92' lang='grc'><strong>9)</strong></span> <span class='ocrx_word' id='word_1_228' title='bbox 719 3373 899 3425; x_wconf 76' lang='lat' dir='ltr'><strong>Callimachus</strong></span> <span class='ocrx_word' id='word_1_229' title='bbox 919 3375 1017 3436; x_wconf 83' lang='lat' dir='ltr'><strong>Hynn.</strong></span> <span class='ocrx_word' id='word_1_230' title='bbox 1035 3374 1061 3423; x_wconf 89' lang='lat' dir='ltr'><strong>ln</strong></span> <span class='ocrx_word' id='word_1_231' title='bbox 1080 3373 1159 3423; x_wconf 87' lang='lat' dir='ltr'><strong>Dlau.</strong></span> 
     </span>
     <span class='ocr_line' id='line_1_28' title="bbox 104 3455 1159 3532; baseline 0 -22"><span class='ocrx_word' id='word_1_232' title='bbox 104 3477 129 3512; x_wconf 84' lang='lat' dir='ltr'><strong>v.</strong></span> <span class='ocrx_word' id='word_1_233' title='bbox 139 3458 201 3511; x_wconf 74' lang='grc'><strong>237.</strong></span> <span class='ocrx_word' id='word_1_234' title='bbox 212 3459 273 3512; x_wconf 71' lang='grc'><strong>248.</strong></span> <span class='ocrx_word' id='word_1_235' title='bbox 293 3462 335 3513; x_wconf 83' lang='lat' dir='ltr'><strong>cf.</strong></span> <span class='ocrx_word' id='word_1_236' title='bbox 344 3461 375 3514; x_wconf 80' lang='grc' dir='ltr'><strong>τὸ</strong></span> <span class='ocrx_word' id='word_1_237' title='bbox 385 3466 480 3532; x_wconf 74' lang='grc' dir='ltr'><strong><em>βρέτας</em></strong></span> <span class='ocrx_word' id='word_1_238' title='bbox 489 3459 551 3519; x_wconf 74' lang='grc' dir='ltr'><strong><em>Διὸς·</em></strong></span> <span class='ocrx_word' id='word_1_239' title='bbox 560 3463 692 3530; x_wconf 73' lang='grc' dir='ltr'><strong><em>τροπαίου</em></strong></span> <span class='ocrx_word' id='word_1_240' title='bbox 702 3461 793 3524; x_wconf 80' lang='lat' dir='ltr'><strong>Eurlp.</strong></span> <span class='ocrx_word' id='word_1_241' title='bbox 805 3475 847 3524; x_wconf 80' lang='lat' dir='ltr'><strong>ap.</strong></span> <span class='ocrx_word' id='word_1_242' title='bbox 859 3461 952 3510; x_wconf 83' lang='lat' dir='ltr'><strong>Muell.</strong></span> <span class='ocrx_word' id='word_1_243' title='bbox 1007 3455 1058 3525; x_wconf 86' lang='grc'><strong>10)</strong></span> <span class='ocrx_word' id='word_1_244' title='bbox 1068 3461 1159 3522; x_wconf 77' lang='lat' dir='ltr'><strong>Apoll·</strong></span> 
     </span>
     <span class='ocr_line' id='line_1_29' title="bbox 103 3541 1158 3617; baseline -0.001 -21"><span class='ocrx_word' id='word_1_245' title='bbox 103 3547 152 3612; x_wconf 89' lang='lat' dir='ltr'><strong>lll,</strong></span> <span class='ocrx_word' id='word_1_246' title='bbox 177 3546 220 3612; x_wconf 72' lang='lat' dir='ltr'><strong>ln,</strong></span> <span class='ocrx_word' id='word_1_247' title='bbox 238 3546 257 3597; x_wconf 86' lang='lat'><strong>3</strong></span> <span class='ocrx_word' id='word_1_248' title='bbox 273 3547 305 3598; x_wconf 84' lang='grc' dir='ltr'><strong>τὸ</strong></span> <span class='ocrx_word' id='word_1_249' title='bbox 324 3549 436 3606; x_wconf 74' lang='grc' dir='ltr'><strong>διιπετὲς</strong></span> <span class='ocrx_word' id='word_1_250' title='bbox 458 3545 608 3600; x_wconf 78' lang='grc' dir='ltr'><strong><em>Παλλάδιον</em></strong></span> <span class='ocrx_word' id='word_1_251' title='bbox 631 3547 683 3617; x_wconf 76' lang='grc' dir='ltr'><strong>πρὸ</strong></span> <span class='ocrx_word' id='word_1_252' title='bbox 707 3549 753 3616; x_wconf 69' lang='grc' dir='ltr'><strong>τῆς</strong></span> <span class='ocrx_word' id='word_1_253' title='bbox 776 3545 867 3616; x_wconf 62' lang='lat' dir='ltr'><strong>annuns·</strong></span> <span class='ocrx_word' id='word_1_254' title='bbox 890 3549 1006 3615; x_wconf 78' lang='grc' dir='ltr'><strong><em>κείμενον</em></strong></span> <span class='ocrx_word' id='word_1_255' title='bbox 1024 3541 1158 3598; x_wconf 68' lang='grc' dir='ltr'><strong><em>ἐθεάσατο</em></strong></span> 
     </span>
     <span class='ocr_line' id='line_1_30' title="bbox 104 3629 1159 3700; baseline 0.001 -19"><span class='ocrx_word' id='word_1_256' title='bbox 104 3633 135 3681; x_wconf 83' lang='lat' dir='ltr'><strong>P.</strong></span> <span class='ocrx_word' id='word_1_257' title='bbox 156 3631 217 3698; x_wconf 85' lang='lat' dir='ltr'><strong>loo,</strong></span> <span class='ocrx_word' id='word_1_258' title='bbox 236 3631 271 3683; x_wconf 77' lang='lat'><strong>32</strong></span> <span class='ocrx_word' id='word_1_259' title='bbox 289 3647 332 3696; x_wconf 85' lang='lat' dir='ltr'><strong>ap.</strong></span> <span class='ocrx_word' id='word_1_260' title='bbox 345 3629 444 3686; x_wconf 79' lang='lat' dir='ltr'><strong>&#39;West</strong></span> <span class='ocrx_word' id='word_1_261' title='bbox 529 3629 580 3695; x_wconf 93' lang='grc'><strong>11)</strong></span> <span class='ocrx_word' id='word_1_262' title='bbox 600 3631 720 3684; x_wconf 83' lang='lat' dir='ltr'><strong>Greuzer</strong></span> <span class='ocrx_word' id='word_1_263' title='bbox 737 3635 878 3697; x_wconf 72' lang='lat' dir='ltr'><strong>symbolik</strong></span> <span class='ocrx_word' id='word_1_264' title='bbox 896 3635 919 3700; x_wconf 85' lang='lat'><strong>1,</strong></span> <span class='ocrx_word' id='word_1_265' title='bbox 937 3647 963 3696; x_wconf 84' lang='lat' dir='ltr'><strong>p.</strong></span> <span class='ocrx_word' id='word_1_266' title='bbox 984 3631 1026 3683; x_wconf 83' lang='lat'><strong>15.</strong></span> <span class='ocrx_word' id='word_1_267' title='bbox 1108 3629 1159 3689; x_wconf 81' lang='lat' dir='ltr'><strong>la)</strong></span> 
     </span>
     <span class='ocr_line' id='line_1_31' title="bbox 104 3715 1159 3788; baseline 0.001 -21"><span class='ocrx_word' id='word_1_268' title='bbox 104 3719 165 3767; x_wconf 75' lang='lat' dir='ltr'><strong>Act.</strong></span> <span class='ocrx_word' id='word_1_269' title='bbox 184 3721 279 3780; x_wconf 81' lang='lat' dir='ltr'><strong>Apost.</strong></span> <span class='ocrx_word' id='word_1_270' title='bbox 297 3721 371 3788; x_wconf 83' lang='lat' dir='ltr'><strong>lllx,</strong></span> <span class='ocrx_word' id='word_1_271' title='bbox 392 3717 435 3770; x_wconf 85' lang='grc'><strong>19.</strong></span> <span class='ocrx_word' id='word_1_272' title='bbox 507 3715 558 3781; x_wconf 89' lang='grc'><strong>13)</strong></span> <span class='ocrx_word' id='word_1_273' title='bbox 577 3719 720 3770; x_wconf 81' lang='lat' dir='ltr'><strong>Mucianus</strong></span> <span class='ocrx_word' id='word_1_274' title='bbox 739 3717 946 3786; x_wconf 66' lang='lat' dir='ltr'><strong>epulaturum,</strong></span> <span class='ocrx_word' id='word_1_275' title='bbox 966 3720 1010 3782; x_wconf 84' lang='lat' dir='ltr'><strong>qni</strong></span> <span class='ocrx_word' id='word_1_276' title='bbox 1024 3716 1089 3782; x_wconf 85' lang='lat' dir='ltr'><strong>jure</strong></span> <span class='ocrx_word' id='word_1_277' title='bbox 1108 3721 1159 3769; x_wconf 85' lang='lat' dir='ltr'><strong>loc</strong></span> 
     </span>
    </p>
   </div>
   <div class='ocr_carea' id='block_1_5' title="bbox 15 3801 1158 3871">
    <p class='ocr_par' dir='ltr' id='par_1_8' title="bbox 15 3801 1158 3871">
     <span class='ocr_line' id='line_1_32' title="bbox 15 3801 1158 3871; baseline 0.002 -19"><span class='ocrx_word' id='word_1_278' title='bbox 15 3803 16 3818; x_wconf 68' lang='lat'>¹</span> <span class='ocrx_word' id='word_1_279' title='bbox 104 3803 227 3854; x_wconf 85' lang='lat' dir='ltr'><strong>miratur.</strong></span> <span class='ocrx_word' id='word_1_280' title='bbox 284 3803 333 3870; x_wconf 83' lang='grc'><strong>14)</strong></span> <span class='ocrx_word' id='word_1_281' title='bbox 352 3810 543 3871; x_wconf 81' lang='lat' dir='ltr'><strong>Athenagoras</strong></span> <span class='ocrx_word' id='word_1_282' title='bbox 562 3807 637 3856; x_wconf 80' lang='lat' dir='ltr'><strong>orat.</strong></span> <span class='ocrx_word' id='word_1_283' title='bbox 656 3820 705 3868; x_wconf 82' lang='lat' dir='ltr'><strong>pro</strong></span> <span class='ocrx_word' id='word_1_284' title='bbox 724 3805 823 3856; x_wconf 77' lang='lat' dir='ltr'><strong>(llrlst.</strong></span> <span class='ocrx_word' id='word_1_285' title='bbox 843 3819 867 3867; x_wconf 83' lang='lat' dir='ltr'><strong>l·</strong></span> <span class='ocrx_word' id='word_1_286' title='bbox 881 3803 933 3854; x_wconf 76' lang='lat'><strong>134</strong></span> <span class='ocrx_word' id='word_1_287' title='bbox 951 3801 1012 3869; x_wconf 85' lang='lat' dir='ltr'><strong>(eo.</strong></span> <span class='ocrx_word' id='word_1_288' title='bbox 1031 3807 1158 3855; x_wconf 80' lang='lat' dir='ltr'><strong>Recten-</strong></span> 
     </span>
    </p>
   </div>
   <div class='ocr_carea' id='block_1_6' title="bbox 101 3886 1160 4216">
    <p class='ocr_par' dir='ltr' id='par_1_9' title="bbox 101 3886 1160 4216">
     <span class='ocr_line' id='line_1_33' title="bbox 105 3886 1160 3962; baseline 0.001 -22"><span class='ocrx_word' id='word_1_289' title='bbox 105 3889 181 3956; x_wconf 79' lang='lat' dir='ltr'><strong>borg,</strong></span> <span class='ocrx_word' id='word_1_290' title='bbox 201 3887 287 3956; x_wconf 80' lang='grc'>1634)</span> <span class='ocrx_word' id='word_1_291' title='bbox 307 3891 403 3960; x_wconf 77' lang='grc' dir='ltr'><strong><em>τὸμὲν</em></strong></span> <span class='ocrx_word' id='word_1_292' title='bbox 425 3892 475 3962; x_wconf 75' lang='grc' dir='ltr'><strong>γὰρ</strong></span> <span class='ocrx_word' id='word_1_293' title='bbox 498 3897 524 3943; x_wconf 69' lang='grc' dir='ltr'><strong>ἐν</strong></span> <span class='ocrx_word' id='word_1_294' title='bbox 545 3886 640 3958; x_wconf 78' lang='grc' dir='ltr'><em>Ἐφέσῳ</em></span> <span class='ocrx_word' id='word_1_295' title='bbox 664 3888 710 3957; x_wconf 71' lang='grc' dir='ltr'><strong>τῆς·</strong></span> <span class='ocrx_word' id='word_1_296' title='bbox 730 3886 884 3958; x_wconf 69' lang='grc' dir='ltr'><strong><em>Ἀρτέμιδος</em></strong></span> <span class='ocrx_word' id='word_1_297' title='bbox 906 3887 1045 3956; x_wconf 75' lang='grc' dir='ltr'><strong><em>(εἴδωλον)</em></strong></span> <span class='ocrx_word' id='word_1_298' title='bbox 1065 3888 1160 3942; x_wconf 77' lang='grc' dir='ltr'><strong><em>καὶτὸ</em></strong></span> 
     </span>
     <span class='ocr_line' id='line_1_34' title="bbox 103 3969 1158 4047; baseline 0 -21"><span class='ocrx_word' id='word_1_299' title='bbox 103 3969 223 4042; x_wconf 71' lang='grc' dir='ltr'><em>Ἀθηνᾶς</em></span> <span class='ocrx_word' id='word_1_300' title='bbox 241 4013 247 4027; x_wconf 93' lang='grc'><strong>.</strong></span> <span class='ocrx_word' id='word_1_301' title='bbox 262 4015 267 4028; x_wconf 96' lang='grc'><strong>.</strong></span> <span class='ocrx_word' id='word_1_302' title='bbox 282 4013 288 4028; x_wconf 91' lang='grc'><strong>.</strong></span> <span class='ocrx_word' id='word_1_303' title='bbox 306 3972 412 4036; x_wconf 78' lang='grc' dir='ltr'><strong><em>Ἔνδινὸς</em></strong></span> <span class='ocrx_word' id='word_1_304' title='bbox 435 3976 586 4047; x_wconf 74' lang='grc' dir='ltr'><strong><em>εἰργάσατο,</em></strong></span> <span class='ocrx_word' id='word_1_305' title='bbox 609 3974 734 4044; x_wconf 75' lang='grc' dir='ltr'><strong><em>μαθητὴς</em></strong></span> <span class='ocrx_word' id='word_1_306' title='bbox 761 3973 902 4028; x_wconf 75' lang='grc' dir='ltr'><strong><em>Δαιδάλου,</em></strong></span> <span class='ocrx_word' id='word_1_307' title='bbox 948 3977 987 4025; x_wconf 78' lang='lat' dir='ltr'><strong>An</strong></span> <span class='ocrx_word' id='word_1_308' title='bbox 1015 3975 1158 4038; x_wconf 78' lang='lat' dir='ltr'><strong>Ephesiam</strong></span> 
     </span>
     <span class='ocr_line' id='line_1_35' title="bbox 106 4056 1158 4130; baseline 0.001 -20"><span class='ocrx_word' id='word_1_309' title='bbox 106 4071 212 4124; x_wconf 82' lang='lat' dir='ltr'><strong>quoque</strong></span> <span class='ocrx_word' id='word_1_310' title='bbox 234 4063 340 4115; x_wconf 86' lang='lat' dir='ltr'><strong>rettulit</strong></span> <span class='ocrx_word' id='word_1_311' title='bbox 363 4065 465 4130; x_wconf 85' lang='lat' dir='ltr'><strong>editor,</strong></span> <span class='ocrx_word' id='word_1_312' title='bbox 491 4066 561 4127; x_wconf 79' lang='lat' dir='ltr'><strong>qrrod</strong></span> <span class='ocrx_word' id='word_1_313' title='bbox 584 4063 676 4124; x_wconf 77' lang='lat' dir='ltr'><strong>paullo</strong></span> <span class='ocrx_word' id='word_1_314' title='bbox 704 4065 766 4122; x_wconf 83' lang='lat' dir='ltr'><strong>post</strong></span> <span class='ocrx_word' id='word_1_315' title='bbox 788 4061 910 4124; x_wconf 84' lang='lat' dir='ltr'><strong>seqnitur</strong></span> <span class='ocrx_word' id='word_1_316' title='bbox 933 4063 976 4112; x_wconf 77' lang='lat' dir='ltr'><strong>nat</strong></span> <span class='ocrx_word' id='word_1_317' title='bbox 999 4056 1158 4128; x_wconf 74' lang='grc' dir='ltr'><strong>ἡἎοτεμις</strong></span> 
     </span>
     <span class='ocr_line' id='line_1_36' title="bbox 101 4134 1158 4216; baseline 0.002 -24"><span class='ocrx_word' id='word_1_318' title='bbox 101 4138 246 4196; x_wconf 78' lang='grc' dir='ltr'><strong><em>Ἰδεκταίον</em></strong></span> <span class='ocrx_word' id='word_1_319' title='bbox 265 4147 309 4196; x_wconf 74' lang='grc' dir='ltr'><strong>καὶ</strong></span> <span class='ocrx_word' id='word_1_320' title='bbox 324 4142 492 4216; x_wconf 72' lang='grc' dir='ltr'><strong>Ἀγγελίωνος</strong></span> <span class='ocrx_word' id='word_1_321' title='bbox 511 4134 608 4213; x_wconf 59' lang='grc' dir='ltr'><strong>τέχνη.1</strong></span> <span class='ocrx_word' id='word_1_322' title='bbox 690 4141 741 4210; x_wconf 81' lang='grc'><strong>15)</strong></span> <span class='ocrx_word' id='word_1_323' title='bbox 759 4149 905 4210; x_wconf 75' lang='lat' dir='ltr'><strong>Numquam</strong></span> <span class='ocrx_word' id='word_1_324' title='bbox 925 4152 1054 4212; x_wconf 72' lang='lat' dir='ltr'><strong>mutatum</strong></span> <span class='ocrx_word' id='word_1_325' title='bbox 1072 4146 1158 4196; x_wconf 77' lang='lat' dir='ltr'><strong>refert</strong></span> 
     </span>
    </p>
   </div>
   <div class='ocr_carea' id='block_1_7' title="bbox 0 0 1460 4726">
    <p class='ocr_par' dir='ltr' id='par_1_10' title="bbox 0 0 1460 4726">
     <span class='ocr_line' id='line_1_37' title="bbox 0 0 1460 4726; baseline 0 2"><span class='ocrx_word' id='word_1_326' title='bbox 0 0 1460 4726; x_wconf 95' lang='lat' dir='ltr'><strong> </strong></span> 
     </span>
    </p>
   </div>
  </div>
 </body>
</html>
