2866 4736
992 249 999 256 ’
1101 257 1151 332 13

88 441 229 528 aliisque
252 439 363 506 avibus
387 437 593 506 abundabant
609 441 664 522 ιθ),
686 439 774 505 lacus
795 439 935 527 piscibus
952 440 1010 520 ¹⁴),
1034 445 1148 531 cygnis

88 533 328 632 Caystrus¹⁵).
969 567 972 576 ’

180 648 248 714 Sed
268 658 300 712 et
310 646 372 710 alia
387 645 541 733 permulta
559 645 760 725 accedebant,
774 667 792 712 6
805 647 918 732 quihus
935 656 967 712 et
982 647 1148 712 commoda

88 751 190 818 multa
214 761 248 816 et
270 749 398 818 divitiae
419 749 492 815 urbi
513 749 661 828 redirent,
684 760 720 813 ut
734 771 870 815 marmor
885 749 1148 830 candidissimum,

89 847 185 941 quod
203 857 243 918 in·
261 852 404 920 Ceresso
425 853 471 934 Μ)
488 863 527 920 et
555 857 588 918 in
617 857 690 940 ipso
712 856 830 944 Priene
857 854 1076 941 reperiebatur
1092 855 1148 934 ¹⁷),

89 963 121 1023 in
144 978 213 1044 quo
237 967 345 1022 vastae
369 957 557 1043 lapicidinae
586 957 682 1024 hodie}
712 962 804 1023 etiam
835 961 1073 1044 conspiciuntur
1089 958 1145 1038 ιε).

88 1062 274 1126 Sandaraca
296 1082 394 1146 purru
417 1064 499 1126 inter
517 1062 702 1148 Magnesiae
726 1072 758 1125 et
780 1062 898 1147 Ephesi
919 1061 992 1126 finis
1015 1060 1148 1125 allodis·
1183 1095 1187 1101 ·

88 1165 185 1229 batur
216 1167 335 1249 optima
360 1167 420 1245 ¹⁹);
456 1167 584 1228 mlnium
615 1169 767 1250 optimum
786 1187 892 1250 vsupra
923 1165 1083 1250 Ephesum
1112 1167 1146 1228 in

89 1267 351 1356 agrissilbiauis
366 1271 501 1332 inveniri
518 1269 756 1355 Theophrastus
771 1268 866 1332 tradit
883 1269 911 1304 ²⁰
919 1273 940 1348 ),
962 1268 1069 1352 ibique
1084 1271 1147 1352 pri-

88 1393 173 1436 mum
197 1381 359 1456 repertum
389 1393 458 1436 esse
481 1383 587 1436 narrat
609 1373 854 1452 Vitruvius-²¹);
885 1370 1068 1456 crystallum
1092 1369 1147 1435 de-

87 1478 188 1560 nique
211 1478 294 1538 circa
316 1473 476 1559 Ephesum
500 1485 554 1538 aut
580 1498 597 1540 e
626 1485 709 1539 terra
739 1475 892 1540 ellossum
920 1473 1062 1554 videtur,
1088 1484 1146 1540 aut

88 1581 229 1643 torrenti
249 1577 408 1664 quondam
432 1577 631 1663 deportatum
654 1577 751 1642 fuisse
766 1579 824 1659 ²²).
848 1629 853 1642 .

86 1859 224 1911 tissimum
242 1858 332 1910 herbis
349 1857 493 1921 Ephesiam
511 1860 663 1910 abundasse
681 1862 726 1910 vel
745 1859 808 1910 Inde
820 1855 1052 1926 commissu-qued
1070 1857 1143 1909 1611-
1231 1899 1233 1910 ,

89 1945 181 2010 quitus
194 1941 253 2008 jan
271 1943 418 2010 unguentis
435 1945 545 2007 Ephesii
558 1945 682 1996 dieantur
695 1945 858 1996 inclaruisse
869 1947 966 1996 Athen.
979 1946 1040 2012 XV,
1059 1941 1112 1995 688
1123 1943 1143 1993 i.
1230 1928 1232 1936 ’

84 2026 196 2102 Ἔφεσός
207 2051 235 2099 ys
248 2015 292 2082 661
305 2025 433 2100 πρότερόν
445 2048 511 2099 φασι
523 2059 553 2070 -
568 2037 625 2090 τοῖς
636 2027 728 2100 μύροις
740 2032 839 2100 διέφερε
852 2033 906 2081 κτλ.
979 2027 1026 2093 12)
1041 2027 1143 2096 „Getis

89 2123 117 2169 et
135 2111 295 2182 6666Ιί666α
313 2119 415 2168 I‘uurn.
433 2131 459 2178 p.
477 2113 539 2168 388.
630 2115 681 2178 13)
700 2118 841 2183 „milliers
860 2118 893 2168 de
910 2129 993 2180 grues
1011 2119 1040 2166 et
1058 2115 1144 2166 rores

91 2197 255 2268 sauuages“
287 2199 366 2267 Puuj.
389 2217 416 2264 6.
440 2191 502 2253 179.
599 2200 651 2265 14)
675 2205 764 2254 11661).
782 2205 800 2252 1.
818 2203 838 2252 1.
861 2203 926 2253 Poe.
949 2218 975 2265 6.
998 2200 1144 2252 45.-61
1242 2239 1249 2248 .

91 2288 402 2352 capernaunensis.
422 2285 482 2339 158.
554 2283 605 2348 15)
624 2290 701 2338 11666.
726 2290 759 2336 11.
781 2288 823 2352 11,
848 2284 910 2338 461.
941 2287 1023 2350 ¹vtrg.
1049 2287 1142 2350 Geurg

89 2377 112 2442 1,
131 2371 193 2426 383.
229 2376 343 2426 Aeneid.
361 2377 422 2442 VII,
442 2371 503 2424 699.
541 2373 618 2425 ovid.
637 2375 746 2422 Metam.
766 2373 801 2439 V,
823 2368 885 2421 386.
921 2371 1031 2448 Maptial
1048 2370 1142 2434 Epigr.

88 2463 110 2529 1,
129 2459 173 2511 51.
210 2462 288 2512 Nunc
311 2476 364 2515 nun
388 2459 502 2522 amplius
524 2456 709 2522 reperiuntur:
733 2457 936 2508 1666611611.
959 2473 985 2520 p.
1009 2455 1071 2507 109.
1094 2457 1142 2524 „Ie

88 2561 180 2612 cygne
199 2561 216 2597 u
235 2543 393 2598 6166661666
421 2561 469 2598 ces
491 2538 623 2610 rivsges“
641 2542 724 2610 Pouj.
747 2543 809 2595 180.
899 2541 949 2607 16)
968 2546 1033 2595 Poe.
1051 2559 1078 2608 p.
1097 2539 1141 2594 56.

88 2633 138 2696 17)
160 2633 234 2700 „Die
252 2632 429 2683 steinhrriche
447 2633 505 2684 sind
523 2633 552 2683 in
571 2634 621 2682 den
635 2631 832 2696 Iiingeweiden
850 2633 899 2683 des
910 2633 1013 2695 herges
1032 2625 1140 2695 (Prien)

86 2720 135 2771 mit
158 2721 301 2772 zahliesen
327 2719 478 2784 Irrgriugen
505 2721 560 2770 und
586 2719 689 2770 walter
717 2719 809 2771 stilles
837 2718 1007 2778 truprelnren
1034 2718 1142 2768 11616166

89 2798 325 2857 durchhrochen.“
400 2803 453 2874 18)
480 2805 592 2856 666661.
622 2803 681 2855 180.
710 2805 745 2854 ct.
773 2801 833 2854 177.
861 2804 897 2854 61.
923 2804 972 2868 lv,
1000 2801 1026 2853 1.
1053 2803 1084 2852 P.
1114 2799 1140 2852 l.

87 2891 138 2952 19)
162 2906 263 2960 „quam
286 2905 338 2944 nec
359 2893 462 2942 molere
484 2905 535 2942 666
563 2891 688 2945 eernere'
703 2903 772 2954 epus
797 2893 853 2954 est,
881 2889 928 2938 sic
945 2893 989 2939 est
1011 2879 1141 2940 subtilis“

86 2978 159 3028 Vitr.
177 2979 238 3044 vri,
258 2977 286 3031 7.
354 2973 408 3042 10)
432 2992 475 3040 up.
499 2977 568 3028 I'Iin.
590 2977 721 3044 XXXIII,
745 2973 789 3026 37.
825 2977 1048 3025 Menuehrumatn
1065 2974 1139 3024 anti·
1165 2985 1168 2992 ·

88 3063 182 3127 quitus
202 3065 283 3132 minio
307 3065 424 3128 Ephesio
447 3065 521 3126 pieta
544 3068 621 3129 sunt,
644 3063 679 3112 ib.
702 3059 746 3111 39.
834 3055 1145 3124 11)1111666.1’11,8..

86 3146 142 3213 21)
165 3152 241 3211 Quod
265 3165 282 3204 e
303 3149 468 3214 Xenocratis
492 3147 602 3211 Ephesii
629 3149 693 3197 1666
721 3159 764 3208 up.
787 3145 858 3195 Ptin.
880 3145 1022 3210 XXXVII,
1045 3141 1072 3194 9.
1095 3139 1138 3193 lI.

86 3232 203 3301 conjeci.
986 3235 988 3240 '
