2866 4736
280 311 535 396 58„

281 503 427 572 auxilium
455 513 580 592 peteret
603 505 658 585 ιδ).
715 503 874 594 Celeriter
909 505 1006 592 igitur
1037 503 1142 590 Lydia
1176 515 1335 592 occupata

281 608 441 694 Ephesum
464 629 593 694 quoque
614 611 716 694 primo
740 611 859 694 impetu
882 611 967 694 cepit
984 608 1046 690 ¹⁶),
1067 629 1135 673 non
1157 610 1226 673 sine
1249 612 1336 674 auxi-

280 710 325 776 lio
349 711 495 776 factionis
517 711 680 797 cujusdam
702 713 736 775 in
750 714 819 796 ipsa
837 709 916 776 unbe
932 713 994 793 ¹⁷);
1017 713 1124 798 ibique
1145 711 1210 779 DC
1232 711 1336 777 talen-

281 816 321 878 tis
342 817 463 898 potiius
485 824 547 893 est,
579 818 714 901 quaein
737 815 959 880 Macedonium
981 824 1129 902 vecturus
1152 815 1335 902 Aeschylus

280 917 426 982 Rhodius
448 917 622 1004 paullulum
651 922 683 984 in
705 928 801 1006 postu
823 919 1012 986 substiterat.
1035 953 1079 970 -
1101 919 1148 982 Ut
1161 919 1335 1005 Ephesum,

280 1022 327 1084 sie
349 1023 442 1086 etiam
463 1022 599 1109 reliquas
622 1023 717 1088 urbes
740 1031 795 1087 aut
815 1025 847 1086 vi
863 1025 956 1109 cepit,
978 1033 1033 1090 aut
1053 1031 1169 1108 sponte
1191 1021 1335 1102 traditas,

280 1123 501 1208 praesidiis‘in
524 1125 671 1192 omnihus
693 1125 821 1206 relictis,
841 1139 924 1212 'qnae
946 1135 1067 1190 netum
1090 1123 1217 1211 quidem
1239 1147 1335 1191 revo

282 1229 372 1306 sevit,
387 1251 481 1314 quum
498 1233 586 1316 pacis
600 1232 700 1308 istius,
715 1251 797 1315 quae
811 1239 887 1315 post
901 1231 1010 1318 gravia
1031 1231 1114 1294 inter
1131 1228 1231 1294 duces
1245 1229 1336 1296 bella

280 1351 310 1394 a.
330 1333 395 1396 311
419 1331 501 1398 laete
525 1344 582 1414 est,
607 1331 845 1398 conditionibus
875 1355 985 1399 omnes
1008 1326 1221 1398 Graecorum
1235 1334 1335 1400 urbes
1424 1337 1425 1400 i

279 1437 313 1500 in
335 1434 514 1523 libentntem
537 1459 572 1502 se
594 1439 810 1502 restituturum
831 1459 903 1503 esso
925 1439 1070 1524 promisit
1085 1437 1143 1518 ¹⁸).

369 1541 529 1626 Ephesum
552 1539 671 1606 tamdiu
685 1544 787 1607 tenuit
803 1544 859 1623 ¹⁹),
881 1540 988 1606 donec
1001 1540 1216 1627 Lysimachus,
1239 1563 1335 1627 quem

281 1640 476 1726 Cassander,
498 1646 655 1711 Demetrii
675 1647 709 1710 in
732 1644 1031 1711 Graecia-victoriis
1052 1646 1178 1708 territus
1200 1653 1235 1708 et
1257 1665 1336 1710 eon

280 1751 487 1835 stantiaque
511 1750 691 1838 Antigonus
721 1757 832 1814 omnes
861 1748 1000 1814 foederis
1030 1746 1232 1812 conditiones
1249 1752 1335 1836 seje

280 1852 324 1912 eit
339 1852 395 1931 ²⁰),
417 1863 523 1917 motus
545 1853 586 1918 ad
609 1873 775 1917 commune
799 1862 908 1916 contra
932 1852 1016 1915 hunc
1036 1850 1156 1916 bellum
1180 1855 1336 1918 exeitave

281 1960 338 2030 rat,
359 1955 393 2016 in
416 1955 522 2020 Asiam
544 1958 668 2042 trajecit
684 1955 743 2035 ²¹).
790 1957 871 2019 Tum
901 1957 984 2018 enini
1012 1955 1089 2020 urbs
1117 1979 1136 2020 a
1164 1955 1335 2042 Prepelao,

281 2055 462 2140 Lysimachi
484 2057 575 2137 duce,
597 2061 764 2144 repentina
787 2055 958 2123 obsidione
979 2061 1083 2125 cineta
1105 2062 1138 2124 et
1160 2081 1178 2122 a
1201 2059 1335 2140 civibus,
1425 2109 1426 2162 1

280 2157 387 2224 subito
410 2171 533 2242 terrore
555 2165 663 2249 captis,
684 2162 827 2227 hostibus
851 2159 964 2226 tradita
993 2172 1042 2228 est
1055 2165 1113 2242 ²²).
1158 2163 1334 2250 Prepelaus

281 2264 439 2350 Ephesios
462 2264 581 2332 lib'sros
604 2265 731 2352 quidem
754 2287 824 2332 esse
846 2268 933 2344 sivit,
958 2265 1093 2330 navibus
1114 2277 1229 2346 tamen
1252 2289 1334 2354 quae

280 2369 314 2432 in
336 2379 432 2455 portu
455 2381 545 2436 erant
557 2375 704 2458 privavit
726 2381 759 2436 et
778 2391 840 2458 pro
859 2371 1051 2436 democratia
1067 2373 1265 2456 optimatium
1279 2375 1335 2436 im-

280 2476 402 2556 perium
425 2477 560 2540 instituit
574 2476 631 2555 ²³).
678 2475 755 2559 Quo
778 2475 864 2538 lacto
892 2483 924 2538 et
944 2473 1103 2560 praesidio
1125 2479 1161 2539 in
1181 2475 1264 2540 urhe
1286 2499 1334 2541 re

280 2571 358 2638 licto
374 2577 423 2656 ²⁴)
445 2577 487 2641 ad
508 2599 609 2643 novas
623 2582 772 2644 victorias
786 2580 971 2664 properavit
986 2578 1035 2660 ²⁵)
1056 2579 1172 2660 (302).
1217 2580 1334 2667 Neque

281 2707 480 2721 -·—-—-—

328 2811 330 2814 .
352 2766 404 2834 15)
421 2771 501 2825 Diod.
519 2787 544 2826 o.
562 2773 606 2827 52
696 2769 749 2838 16)
762 2759 874 2841 ”Epaone
893 2774 918 2830 it
936 2772 1034 2842 lpo'dov
1053 2777 1190 2846 παρελαβε,
1208 2792 1333 2847 συνεργη-

282 2851 383 2906 σάντων
404 2852 479 2924 αὐτῷ
500 2878 576 2912 τινων
598 2865 624 2912 iu
648 2857 695 2927 τῆς
718 2858 817 2918 πόλεως
834 2859 913 2912 Diod.
931 2847 1094 2927 mlh-52.
1179 2857 1235 2926 ’17)
1255 2865 1333 2925 Quod

281 2940 329 3000 vix
343 2943 491 2996 mirandum
510 2949 567 3010 est3
589 2948 739 2998 neander
761 2946 841 3013 enlm,
864 2957 942 3010 quem
960 2951 1029 3022 'ante
1047 2947 1146 2999 clitum
1164 2949 1332 3011 praefectam

281 3027 391 3090 Ephesii
408 3031 564 3099 habuerant,
583 3029 685 3098 etjam
698 3039 754 3084 tum
767 3031 897 3100 Antigoni
915 3033 1018 3084 amiens
1030 3038 1100 3101 eret,
1118 3038 1148 3085 et
1160 3047 1231 3086 nuno
1250 3037 1332 3088 etiem

281 3114 309 3166 in
327 3117 450 3168 exercitu
468 3113 528 3184 ejus
546 3119 681 3183 stipendis
698 3119 805 3171 meruit.
859 3121 1030 3183 Quapropter
1047 3123 1140 3172 urbem
1158 3121 1186 3172 in
1199 3122 1332 3187 Antigoni

280 3206 373 3265 partes
390 3209 489 3268 sponte
506 3205 606 3258 abiisse
618 3204 760 3274 eonjioias.
796 3209 856 3269 Qua
874 3197 1065 3258 vero'raiione
1076 3209 1203 3270 Droysen
1222 3221 1249 3270 p.
1268 3205 1331 3274 215,

281 3303 307 3339 n.
326 3289 371 3342 al.
388 3293 458 3343 hane
475 3293 622 3345 factionem
639 3307 701 3344 eum
718 3295 803 3346 caede
821 3293 932 3357 tymnm
944 3292 1081 3357 Hegesiae
1093 3289 1263 3358 conjungere
1281 3308 1340 3346 ve-·

280 3375 327 3444 lit,
349 3377 473 3441 equidem
495 3392 549 3430 non
571 3379 706 3444 intelligo.
807 3376 860 3444 18)
882 3373 1034 3446 Ἀντίγονον
1057 3379 1084 3430 δὲ
1106 3383 1265 3449 ἐφηγεῖσθαι
1286 3379 1332 3447 τῆς

278 3455 371 3519 Ἀσίας
387 3461 482 3528 πάσης·
500 3463 563 3523 sodo
582 3460 608 3517 δ’
621 3461 744 3532 Ἓλληνας
760 3459 926 3534 meleosippus
944 3467 1019 3516 εἶναι.
1037 3465 1114 3516 Diod.
1131 3467 1205 3534 xiii,
1225 3465 1331 3526 lilla-7

282 3544 324 3596 Gi.
342 3546 378 3596 ih.
395 3547 457 3615 XX,
476 3547 520 3601 19.
575 3603 579 3609 ,
628 3547 678 3616 19)
697 3555 729 3602 Α.
747 3549 800 3602 307
819 3565 845 3600 ν.
862 3565 891 3614 g.
909 3553 1017 3613 Epheso
1035 3565 1136 3616 magna
1158 3566 1219 3604 oum
1238 3556 1330 3605 eluse

281 3634 402 3684 Athenas
419 3635 558 3696 preteetus
576 3643 619 3689 est
634 3630 789 3689 Demetrius
806 3637 884 3688 Diod.
903 3637 967 3703 XX,
986 3634 1030 3688 45.
1047 3661 1085 3674 -
1101 3641 1163 3690 Euo
1179 3639 1263 3691 etiem
1281 3641 1331 3692 oh-

281 3717 355 3770 sides
372 3719 534 3772 Rhodiorum
554 3723 627 3775 misit
644 3737 670 3792 p.
688 3723 750 3774 301.
786 3723 828 3775 oi.
847 3724 925 3774 Diod.
942 3725 1008 3790 xit,
1029 3722 1088 3776 lll.
1177 3721 1233 3791 ⁸2⁰)
1252 3727 1330 3778 Diod.

281 3805 316 3856 ih.
336 3818 360 3856 ο.
381 3803 440 3857 106.
522 3803 575 3872 21)
593 3809 671 3861 Diod.
690 3811 725 3860 ib.
746 3809 805 3861 106.
825 3809 885 3862 107.
965 3807 1017 3876 22)
1037 3809 1090 3878 Τὴν
1107 3813 1135 3864 dl
1150 3807 1261 3881 Ἔφεσον
1279 3831 1331 3866 πο-

281 3890 419 3960 λιορκήσας
436 3895 481 3944 καὶ
499 3895 728 3965 καταπληξάμενος
746 3895 809 3955 τοὺς
831 3898 913 3960 ἔνδον,
936 3900 1064 3968 παρέλαβε
1087 3898 1134 3966 τὴν
1153 3897 1233 3952 πόλιν.
1252 3900 1330 3950 Diod.

282 3980 300 4027 i.
319 3980 337 4054 1.
357 4003 389 4020 η
410 3979 481 4030 Piut.
503 3982 623 4032 Demetr.
646 3996 670 4033 e.
692 3975 758 4033 3ss
825 3977 878 4045 23)
900 3983 979 4035 Diod.
1001 3986 1066 4052 XX,
1091 3983 1150 4036 lli.
1174 3985 1210 4037 ei.
1228 3987 1330 4052 Droys.

281 4061 343 4129 531,
362 4060 406 4114 29.
477 4063 530 4131 24)
549 4067 590 4119 cf.
608 4069 686 4120 Diod.
705 4070 765 4134 XX,
787 4067 847 4135 lil,
872 4067 922 4122 int
942 4066 1098 4142 Πρεπελάου
1117 4079 1330 4143 παρεισαχθεῖσα

282 4147 395 4222 φροῖνρα.
467 4149 518 4218 25)
538 4157 623 4225 'iseum
641 4141 723 4224 oepit,
742 4153 936 4226 Colophonem,
955 4161 1064 4224 sudes,
1083 4160 1129 4210 aii.
1167 4217 1171 4223 ,
