2916 4722
1047 293 1050 304 '
1122 256 1200 382 raa

138 507 255 570 parum
278 483 390 548 firmis‘
399 488 591 572 argumentis
614 489 732 552 nititur.
784 488 891 572 Quum
914 492 997 554 enim
1021 481 1198 558 Amazonas

139 611 204 674 pro
229 586 405 652 hierodulis
427 588 628 674 accipiendas
651 611 721 655 esse
751 591 938 671 contendat,
959 593 1197 662 hierodularum

139 713 223 756 vero
247 713 400 776 nusquam
416 700 531 756 tantam
549 693 755 778 frequentiam
778 695 875 760 fuisse
891 706 1028 776 censeat,
1050 721 1141 783 quam
1163 703 1197 764 in

140 794 360 882 Cappadocia,
376 817 464 860 sacra
480 816 608 880 quoque
625 799 795 883 Ephesina,
819 803 935 885 quippe
951 821 1033 885 quae
1049 801 1088 864 ab
1106 803 1197 866 Ama-

139 899 279 964 zonibus
297 899 426 962 condita
449 900 599 978 ferantur,
623 923 659 964 ex
683 899 889 987 Cappadocia
909 903 1069 988 Ephesum
1092 903 1196 970 delata

139 1005 241 1068 fuisse
257 1001 421 1066 concludit
436 1003 495 1081 ³⁴).
540 1003 647 1087 Quum
663 1025 740 1068 vero
758 1003 917 1068 coloniam
934 1027 970 1068 ex
987 1005 1195 1093 Cappadocia

139 1107 302 1192 Ephesum
326 1128 493 1190 numquam
517 1103 684 1169 deductam
713 1105 810 1171 luisse
834 1118 972 1187 constet,
1004 1127 1108 1194 neque
1131 1111 1196 1175 hie·

139 1209 273 1276 rodulas
298 1212 374 1274 istas
398 1207 656 1295 Cappadocicas,
679 1213 788 1274 nescio
811 1233 875 1295 quo
905 1213 1056 1276 instinctu
1077 1211 1194 1277 bellico

139 1324 253 1392 motas,
273 1323 360 1378 recta
384 1313 545 1397 Ephesum
569 1311 772 1378 contendisse
799 1314 909 1399 ibique
930 1318 963 1379 vi
986 1324 1080 1400 atque
1102 1319 1195 1380 armis

139 1440 233 1484 suum
250 1415 368 1482 cultum
383 1418 564 1495 instituisse,
586 1420 749 1502 quisquam
766 1417 973 1497 contenderit,
991 1429 1090 1484 totam
1103 1423 1194 1484 istam

139 1523 448 1611 argumentationem
470 1513 668 1606 nequaquam
692 1521 766 1586 ferri
788 1541 886 1606 posse
908 1526 1121 1608 consequitur.

391 1709 824 1841 ·'nmmm

228 1943 433 2022 Curetum,
456 1964 590 2028 quorum
613 1944 711 2010 semel
738 1956 859 2010 tautum
888 1944 927 2008 lit
948 1946 1082 2032 mentio,
1105 1942 1193 2010 labu·
1236 1936 1240 1942 ¹

136 2050 190 2114 lae
213 2071 251 2114 ea
274 2057 394 2114 tautum
416 2050 541 2112 ratione
568 2048 653 2134 apud
678 2049 834 2134 Ephesios
864 2058 954 2112 ortae
983 2058 1069 2128 sunt,
1099 2047 1194 2133 quod,

138 2176 236 2239 quum
259 2153 414 2216 Latonam
442 2151 527 2237 apud
555 2173 590 2216 se
614 2151 796 2236 Apollinem
827 2161 859 2216 et
879 2153 1016 2216 Dianam
1044 2142 1194 2236 genuisse

138 2257 355 2344 gloriarentur
377 2256 508 2340 Ephesii
531 2254 590 2332 (cl.
613 2254 641 2338 ἕ.
666 2257 723 2332 12,
745 2275 776 2318 n.
800 2255 823 2316 l.
847 2255 912 2332 ll),
937 2277 1008 2318 cum
1030 2255 1093 2316 hoc
1113 2272 1193 2316 vero

138 2369 234 2446 partu
256 2362 291 2423 iu
312 2359 459 2424 omnibus
484 2357 596 2422 labulis
620 2357 756 2422 Curetes
785 2359 955 2442 arctissime
979 2357 1194 2432 cohaererent,

138 2465 253 2548 utqui
281 2481 437 2526 armorum
467 2465 589 2539 sonitu,
618 2470 655 2526 ut
679 2471 787 2547 partus
810 2459 865 2526 ille
886 2462 1048 2526 Junouem
1071 2459 1193 2536 lateret,

138 2567 332 2645 effecissent,
354 2588 486 2630 necesse
510 2574 576 2629 erat
599 2573 634 2630 ut
656 2567 788 2650 Ephesii
810 2563 896 2629 idem
913 2563 998 2648 apud
1014 2585 1048 2629 se
1063 2583 1193 2647 quoque

138 2671 258 2736 lactum
273 2692 343 2734 esse
359 2669 561 2737 affirmarent.
600 2668 753 2734 Audimus
769 2671 865 2756 igitur
880 2666 1016 2733 Curetas
1032 2669 1065 2732 in
1082 2676 1192 2732 monte

138 2773 296 2838 Solmisso
327 2794 482 2838 armorum
513 2783 602 2838 motu
630 2782 750 2838 tantum
781 2775 946 2858 strepitum
970 2771 1128 2848 ellecisse,
1157 2778 1193 2832 ut

137 2879 285 2942 Latonae
308 2876 349 2940 ad
371 2877 487 2942 olivam
506 2879 708 2964 parturientis
731 2886 860 2961 questus
875 2878 1038 2940 Junonem
1060 2876 1191 2938 omnino

137 2981 268 3046 latuerit
282 2981 345 3061 ³⁵),
374 2983 463 3067 cujus
489 2983 525 3044 in
554 2983 601 3043 rei
634 2982 816 3044 memoriam
844 2975 1028 3066 Κουρήτων
1061 2974 1193 3062 ἀρχεῖον

137 3087 174 3148 in
196 3083 352 3151 Solmisso
376 3083 537 3150 eonditum
560 3092 616 3158 est,
639 3082 694 3146 ubi
716 3091 751 3144 ut
774 3084 943 3164 quotannis
966 3079 1138 3164 panegyris
1156 3081 1190 3138 iu

137 3188 282 3274 Ortygia
309 3187 417 3252 habita
447 3196 509 3264 est,
539 3187 692 3269 mysteria
718 3204 845 3270 quoque
874 3194 906 3245 et
935 3202 1023 3244 sacra
1046 3182 1191 3244 convivia

139 3292 383 3357 celebrabantur
396 3292 453 3370 ³⁶).

153 3393 157 3396 ⁷
228 3397 299 3458 Hac
325 3395 421 3482 igitur
449 3395 574 3458 ratione
596 3388 749 3472 Curetum
780 3385 864 3476 apud
888 3385 1044 3473 Ephesios
1076 3383 1191 3448 labulis

139 3537 343 3550 ...-.-.-.--—

210 3604 264 3672 34)
286 3609 351 3658 Dor.
370 3608 411 3674 11,
436 3621 462 3669 p.
485 3603 548 3657 390.
565 3603 627 3658 391.
734 3597 786 3668 45)
802 3599 967 3672 Ὑπέρκειται
984 3599 1011 3650 dl
1029 3596 1078 3650 τοῦ
1098 3592 1193 3656 ἄλσους

138 3689 312 3764 (Ὀρτυγίας)
336 3686 410 3762 ὄρος,
433 3689 448 3744 ὁ
471 3691 629 3762 Σολμιοοός,
654 3685 722 3742 ὅπου
747 3687 859 3745 στάντας
882 3689 946 3758 φασὶ
969 3683 1033 3742 τοὺς
1052 3683 1216 3764 Κουρῆτας·

138 3781 176 3846 τῷ
189 3777 268 3849 ψόφῳ
287 3777 334 3846 τὴν
348 3775 432 3847 Ἦραν
452 3775 501 3830 τῶν
520 3774 605 3836 ὅπλων
623 3775 754 3841 ἐκπλῆξαι,
772 3771 921 3842 ζηλοτύπως
934 3766 1130 3841 ἓφεδρεὺουσαυ,
1150 3770 1202 3820 καλ.

139 3869 235 3918 λαθεῖν
254 3858 456 3933 συμπράξαντας
477 3861 525 3940 τὴν
551 3865 656 3928 λοχείαν
679 3862 713 3932 τῇ
738 3861 832 3926 Λητοῖ.
870 3860 959 3910 strab.
978 3857 1058 3920 xlv,
1082 3870 1107 3917 p.
1130 3851 1192 3904 633.

138 3947 193 4016 36)
216 3947 367 4019 Πανὴγυρις
390 3943 416 4002 d>
441 3947 560 4004 ἐνταῦθα
583 3950 741 4002 συντελεῖται
764 3941 824 3996 κατ’
851 3949 919 4003 ἴτυς·
940 3937 1000 3995 τότε
1027 3942 1053 3993 δὲ
1077 3942 1120 3990 καλ
1143 3939 1193 3990 τῶν

140 4034 287 4107 Κουρήτων
305 4029 409 4106 ἀρχεῖον
427 4032 529 4104 συνάγει
548 4031 679 4104 συμπόσια
699 4035 744 4084 κατ’
761 4050 833 4090 τιυας
850 4027 977 4100 μυστικὰς
991 4029 1090 4087 θυσίας
1107 4031 1194 4080 ἔπιτε-

139 4124 179 4174 λελ
196 4124 286 4180 strab·
305 4121 367 4172 ibid.
