2916 4722
279 261 330 336 66

280 450 425 508 recenset
447 436 603 523 Polybius
620 435 678 514 ⁹²).
740 432 892 518 Quamvis
919 430 1014 517 igitur
1037 428 1253 513 Pergamenae
1276 427 1337 511 jam

281 546 396 610 ditioni
419 542 565 626 Ephesus
587 537 730 624 subjecta
754 545 846 613 esset,
873 531 983 596 classis
1006 540 1112 602 tamen
1134 537 1229 613 atque
1254 548 1340 592 exer-

283 653 362 714 citus
386 649 618 719 Romanorum,
646 639 752 704 donec
773 659 825 702 res
848 635 944 722 plane
967 635 1164 720 compositae
1188 640 1276 710 sunt,
1306 635 1339 694 in

285 751 363 818 urbe
386 754 571 812 manserunt
593 747 640 823 (a.
665 743 760 823 189.)
818 809 826 824 ,

727 994 787 1122 'p
833 1039 863 1100 9.

285 1185 355 1244 Pars
382 1185 478 1256 tertia,
511 1179 704 1260 Ephesiorum
736 1177 791 1236 sub
821 1175 938 1256 regibus
969 1171 1155 1251 Pergamenis
1191 1169 1341 1229 historiam

286 1278 436 1340 continens
456 1294 549 1353 usque
568 1276 606 1334 ad
625 1291 733 1332 annum
753 1271 802 1346 41,
824 1289 883 1347 quo
901 1275 1056 1348 perpetuae
1069 1266 1271 1328 Romanorum
1292 1265 1341 1323 do-

620 1367 770 1426 minationi
790 1365 913 1445 subiecti
924 1370 1005 1446 sunt.
1017 1413 1024 1418 .

336 1582 339 1590 ·
376 1549 422 1610 Ex
452 1545 648 1632 temporibus
678 1545 894 1632 Pergamenae
928 1538 1056 1602 ditionis
1090 1559 1190 1623 pauca
1222 1546 1341 1600 tanturn

288 1645 498 1737 Ephesiorum
526 1650 676 1712 historiae
706 1649 840 1734 vestigia
870 1653 1001 1708 exstant.
1046 1643 1278 1704 Demonstrant
1299 1650 1343 1702 ta-

286 1776 360 1818 men
382 1755 464 1816 hanc
478 1751 589 1816 urbem
605 1772 730 1835 semper
746 1759 841 1835 caput
855 1749 965 1810 leniae
980 1747 1141 1808 mansisse.
1180 1745 1235 1808 Sic
1251 1746 1343 1818 enim,

288 1877 391 1940 quum,
413 1854 574 1918 Antiocho
587 1855 620 1913 V
641 1853 819 1932 interfecte,
842 1851 1008 1914 Demetrio
1028 1849 1133 1912 Soteri
1158 1850 1210 1932 qui
1234 1869 1261 1909 a.
1281 1849 1340 1912 lot

287 1979 422 2044 regnum
453 1959 520 2041 ejus
545 1964 746 2046 susceperat,
775 1977 793 2018 a
822 1953 951 2040 regibus
981 1953 1140 2038 Pergami,
1173 1947 1285 2014 Attalo
1313 1950 1343 2013 ll

289 2059 519 2138 (159-138)
549 2067 581 2122 et
603 2059 746 2145 Aegypti
768 2055 948 2122 Alexander
972 2053 1065 2132 Bala,
1094 2051 1257 2117 simulatus
1281 2053 1343 2116 An-

289 2163 388 2226 tiochi
410 2162 582 2250 Epiphania
605 2161 699 2240 filius,
723 2169 948 2247 opponeretur,
972 2159 1097 2244 Ephesi,
1121 2166 1156 2220 ut
1178 2166 1272 2220 antea
1295 2179 1345 2221 so-

288 2265 378 2330 litum
410 2263 490 2344 erat,
519 2265 639 2330 bellum
669 2265 708 2329 ab
732 2261 902 2328 Heraclide
932 2282 1053 2326 summo
1083 2259 1189 2324 studio
1212 2261 1344 2345 paraba-

289 2371 387 2448 tur¹)
412 2373 459 2451 (a.
486 2371 578 2447 154).
624 2370 662 2432 ln
691 2372 873 2432 universum
901 2375 1006 2430 tamen
1035 2385 1128 2450 reges
1157 2361 1255 2464 multa
1285 2386 1343 2428 suc

289 2471 419 2537 arbitrio
443 2481 554 2536 contra
575 2472 732 2558 Ephesios
756 2473 859 2556 egisse
880 2467 1037 2547 videntur,
1060 2477 1094 2530 ut
1117 2490 1146 2530 v.
1169 2488 1200 2554 g.
1223 2467 1344 2530 reditus

289 2571 415 2636 lacuum
431 2573 678 2650 Selenusiorum,
701 2573 792 2656 Deae
815 2593 922 2636 sacros
946 2571 1005 2650 (cl.
1030 2593 1055 2634 c.
1073 2571 1127 2647 ΙΙΙ,
1149 2569 1176 2654 ξ.
1193 2571 1224 2634 3.
1247 2570 1277 2654 ξ]
1294 2574 1343 2650 9.)

290 2675 351 2739 sibi
374 2695 541 2762 arrogasse
563 2684 738 2752 narrantur,
759 2677 793 2738 in
809 2696 870 2758 qua
885 2677 1090 2758 possessione
1114 2695 1208 2758 quum
1231 2684 1344 2758 postea

292 2779 383 2840 etiam
408 2775 570 2863 publicani
594 2780 731 2842 Romani
754 2779 972 2862 persisterent,
1000 2776 1217 2841 Artemidorus
1242 2778 1345 2862 Ephe-

275 2880 356 2950 ‘sius
379 2877 438 2959 (cf.
463 2902 488 2943 c.
512 2880 568 2970 IY,
591 2904 611 2960 r,
634 2881 662 2965 ξ.
687 2883 738 2960 2.)
761 2881 894 2944 Romam
917 2882 1036 2959 missus,
1061 2891 1096 2944 ut
1118 2882 1209 2944 Deae
1231 2880 1344 2944 redde-

290 2990 400 3044 rentur
431 3004 448 3045 a
478 2982 597 3048 Senatu
626 2985 805 3070 impetravit
826 2985 871 3066 ²).
898 2983 1026 3048 -Sed
1056 2983 1177 3048 Attalus
1206 2983 1237 3048 ΙΙ
1268 3005 1343 3069 prae

291 3087 423 3149 caeteris
452 3083 578 3151 videtur
608 3087 768 3174 Ephesum
798 3083 957 3166 dilexisse,
986 3090 1104 3172 quippe
1134 3089 1188 3172 qui
1215 3097 1343 3172 p'ortum

290 3197 393 3252 terrae
421 3188 538 3254 alluvie
568 3201 751 3277 corruptum
785 3195 906 3278 magnis
941 3190 1078 3254 molibus
1106 3194 1342 3278 restauraverin

291 3291 378 3375 quod
394 3315 486 3376 quam
501 3293 583 3357 male
606 3295 793 3358 successerit
808 3293 999 3358 a'Strabone
1016 3303 1208 3371 memoratur
1221 3295 1267 3373 ³).
1293 3293 1341 3359 Cf.

291 3415 318 3456 c.
342 3394 365 3469 1,
387 3394 414 3476 ἕ.
437 3396 467 3471 3,
490 3417 520 3457 n.
545 3397 588 3460 43
610 3417 651 3458 ss
696 3399 799 3483 Hujus
822 3405 925 3475 autem
949 3417 1115 3460 successor
1132 3396 1258 3460 Attalus
1275 3400 1342 3462 Phi-

290 3493 429 3557 lometor
450 3495 536 3575 (ΙΙΙ)
559 3498 709 3563 Eumenis
732 3500 824 3578 filius,
848 3521 942 3583 quum
965 3492 1129 3564 notissimo
1153 3509 1341 3565 testamento

291 3605 391 3661 totum
411 3620 543 3686 regnum
559 3602 711 3666 Romanis
728 3613 883 3688 tamquam
899 3602 1086 3668 haeredibus
1101 3603 1285 3670 tradidisset
1301 3609 1341 3684 ⁴),

361 3857 413 3927 ea)
431 3863 527 3928 none.
545 3867 619 3932 xxr,
638 3865 683 3934 27,
698 3864 739 3919 ιο.

364 3962 399 4031 1)
416 3969 513 4032 rona.
532 3971 657 4036 xxxnr,
678 3969 721 4037 16,
743 3969 784 4022 15.
868 3967 903 4037 a)
921 3976 1009 4026 seras.
1029 3977 1101 4044 xrv,
1120 3991 1146 4038 p.
1165 3974 1226 4028 642.
1308 3973 1342 4041 3)

289 4051 326 4102 lb.
345 4065 371 4116 p.
389 4051 451 4106 con
536 4051 570 4122 4)
589 4057 661 4108 Plut.
682 4057 742 4110 uio.
761 4060 874 4112 Gracch.
894 4073 917 4112 c.
938 4058 980 4112 ll.
1008 4065 1138 4126 -·App.
1157 4065 1187 4114 B.
1207 4062 1298 4115 Mithr.
1317 4075 1340 4114 c.
