2916 4722
1117 297 1165 368 79

12 551 15 562 ‚
111 485 202 568 cujus
226 501 306 544 cavo
329 479 526 544 simulacrum
556 482 694 565 positum
724 489 792 544 erat
807 481 854 559 Β),
883 485 975 564 quam
1003 479 1165 566 simplicis-

109 587 222 648 simum
241 587 286 664 4),
308 604 428 669 neque,
457 585 483 645 si
507 604 544 645 ex
566 585 668 646 numis
698 581 926 669 antiquioribus
948 586 1107 669 conjicere
1129 583 1165 646 li-

109 697 170 766 cet,
193 690 255 751 nisi
271 690 383 773 capite,
406 685 558 763 manibus
581 689 720 750 mammis
737 685 873 772 denique
889 695 1015 770 praeter
1037 685 1163 752 solitum

109 793 214 856 auctis
237 793 422 858 instructum
441 791 482 868 ⁵).

200 897 239 960 In
266 893 379 980 quibus
409 915 503 978 quum
526 894 730 979 peregrinae,
759 901 795 956 ut
817 893 972 957 Asiaticae
999 891 1164 978 religionis

108 1021 153 1064 ne
176 1001 337 1062 minimum
361 995 486 1081 quidem
509 998 583 1059 insit
605 998 780 1082 vestigium,
803 995 844 1059 ad
867 995 960 1060 talem
983 995 1085 1060 cultus
1105 998 1164 1076 ori-

107 1105 218 1190 ginem
242 1122 405 1165 recurrere
428 1102 479 1162 vix
501 1099 590 1174 licet;
614 1121 708 1184 quum
731 1121 809 1163 vero
834 1102 1035 1163 econtrario
1059 1102 1163 1164 omnia

108 1226 263 1269 summam
293 1226 362 1268 cum
393 1204 612 1287 antiquissimis
642 1203 838 1268 Graecorum
868 1205 963 1266 sacris
992 1201 1165 1267 similitudi-

109 1331 184 1372 nem
209 1307 393 1372 ostendant:
424 1305 537 1390 quibus
567 1317 599 1370 et
627 1306 791 1370 simulacra
821 1305 961 1392 ejusdem
983 1305 1080 1392 plane
1102 1307 1165 1369 ior-

109 1434 182 1476 mae
205 1421 300 1496 atque
322 1409 445 1497 figurae
470 1419 559 1474 erant
575 1410 622 1490 ⁶),
647 1420 679 1474 et
701 1410 832 1474 arbores
854 1413 888 1474 in
911 1409 1045 1476 eundem
1067 1409 1164 1472 finem

109 1526 282 1601 usurpatae
299 1517 347 1597 ⁷),
370 1511 411 1576 ad
434 1512 602 1600 PelasgoS‚
631 1535 711 1598 quos
741 1517 913 1600 antiquitus
942 1514 1024 1576 hanc
1050 1523 1163 1577 terram

109 1619 271 1684 habitasse
300 1639 394 1704 snpra
423 1617 625 1702 probavimus
656 1621 701 1697 (c.
729 1619 774 1696 ll,
802 1619 830 1703 ᾖ.
856 1622 905 1697 l.)
935 1639 1095 1681 sacrorum
1124 1616 1163 1681 ad

110 1723 285 1810 Caystrum
309 1725 464 1810 originem
486 1718 685 1784 referendam
709 1742 779 1786 esse
795 1720 933 1786 dubitari
954 1723 1005 1784 vix
1022 1730 1138 1806 potest.
1166 1739 1169 1754 ·

112 1904 173 1941 rum
186 1891 334 1956 religiosus
350 1893 396 1942 est
409 1891 466 1954 fagi
484 1883 609 1959 cortex“‚
627 1893 698 1942 unde
716 1905 765 1954 pro
778 1905 858 1943 sacra
871 1891 969 1942 arbore
985 1893 1076 1957 fagum
1095 1906 1165 1957 quo·

109 1991 166 2040 que
183 1977 300 2028 habitam
319 1990 382 2028 esse
400 1973 540 2040 conjicias.
629 1971 664 2042 3)
683 1977 743 2045 sic,
767 1979 891 2040 praelato
914 1979 950 2028 lvi
970 1981 1041 2041 apud
1059 1979 1164 2043 Diony-

110 2063 194 2126 sium,
212 2063 338 2114 refutatis
357 2063 508 2130 scaligero,
528 2062 572 2126 qui
591 2063 632 2114 int
649 2066 765 2130 legerat,
785 2066 854 2129 quod
869 2077 939 2114 unus
958 2069 1061 2115 tantum
1080 2068 1166 2116 codex

110 2150 202 2215 babet,
221 2153 249 2200 et
265 2151 384 2200 ulmeum
403 2148 576 2198 simulacrum
597 2149 771 2202 intellexerat
787 2175 825 2186 -
842 2155 871 2201 et
888 2151 1030 2216 Ernestio,
1055 2153 1100 2214 qui
1117 2165 1165 2202 re-

111 2235 195 2285 tinuit
212 2235 318 2298 quidem
336 2233 368 2286 τὸ
387 2235 422 2285 isi
441 2236 488 2284 sed
507 2237 540 2286 de
559 2235 698 2288 vicinitate
715 2236 789 2285 urbis
808 2231 953 2300 (Pteleae)
971 2236 1165 2298 interpretatus

112 2325 165 2387 est,
184 2325 262 2372 recte
281 2320 387 2372 censuit
403 2322 561 2382 Bernhardy
579 2323 612 2370 ad
625 2321 739 2384 Dionys.
752 2335 778 2382 p.
791 2319 851 2372 752.
922 2315 959 2385 l)
978 2323 1077 2389 Βριτας
1094 2321 1164 2372 enim

111 2407 212 2458 dicitur
230 2421 273 2470 ap.
286 2405 475 2458 Callimachum
493 2421 519 2455 v.
537 2404 598 2456 237.
616 2403 679 2474 248,
698 2409 768 2471 quod
791 2406 1051 2469 simplicissimorum
1068 2406 1165 2470 signo-

13 2549 17 2564 ·
111 2506 170 2542 rum
196 2507 295 2543 nomen
318 2497 386 2544 erat.
457 2486 492 2557 5)
510 2495 610 2542 liumus
634 2505 747 2560 aureus,
766 2493 811 2556 qui
829 2497 872 2544 est
890 2507 932 2556 ap.
950 2493 1052 2544 Mionn.
1088 2495 1164 2544 l'om.

112 2579 165 2645 lli,
190 2593 218 2629 n.
241 2579 273 2645 2,
293 2579 316 2628 si
339 2592 394 2629 non
416 2591 450 2630 ex
473 2577 665 2641 antiquissimis
689 2583 744 2643 est,
769 2579 982 2643 antiquissimam
1004 2582 1101 2632 saltem
1123 2581 1164 2632 si·

111 2663 227 2714 mulacri
246 2665 357 2716 formam
376 2663 490 2716 exhibet.
526 2665 566 2714 lle
585 2665 722 2716 attributis
740 2665 812 2719 inira
830 2667 943 2727 dicetur.
984 2665 1025 2716 of.
1045 2665 1165 2718 cremer

111 2751 208 2813 Symb.
225 2750 266 2816 11,
286 2765 311 2812 p.
331 2747 396 2800 iro:
425 2785 442 2817 ,‚
451 2750 494 2801 die
517 2751 682 2812 npnesiscne
706 2753 800 2804 Gottin
823 2767 883 2804 war
906 2755 980 2804 wohl
1003 2753 1047 2803 ein
1065 2754 1166 2804 bloiser

110 2837 206 2886 Tronk
223 2836 273 2886 mit
290 2837 366 2898 Kopi
379 2838 434 2886 und
451 2825 584 2888 Fiiisen“.
662 2832 696 2902 6)
716 2838 757 2889 (ii.
775 2842 870 2890 Muell.
888 2843 968 2890 Arob.
987 2832 1029 2904 §§.
1049 2835 1164 2905 tto-68,

111 2937 137 2984 p.
156 2919 285 2972 44-47.
355 2915 388 2985 7)
407 2921 476 2972 Plio.
494 2924 555 2987 ΧΠ,
574 2921 605 2973 2:
624 2927 721 2990 „llaec
745 2921 782 2992 (i.
802 2939 827 2976 e.
846 2920 976 2991 arbores)
998 2921 1058 2976 lieri
1076 2925 1164 2976 numi-

109 3023 176 3059 num
196 3011 297 3071 templa
318 3006 462 3070 priscoque
485 3008 539 3058 ritu
561 3009 695 3072 simplicia
717 3023 783 3062 rura
806 3011 886 3062 etiam
910 3025 982 3063 nunc
999 3012 1058 3062 Deo
1082 3024 1164 3073 prae-

110 3096 259 3146 cellentem
287 3095 410 3145 arborem
432 3087 553 3146 dicant“.
587 3123 617 3132 -
647 3099 777 3155 Quercus
792 3096 867 3146 iovis
889 3095 1045 3159 Dodonaei,
1068 3095 1164 3144 summi

110 3181 293 3244 Pelasgorum
323 3180 439 3232 numinis
469 3181 599 3230 sacellum
627 3181 737 3230 Hesiod.
767 3195 810 3243 ap.
839 3182 930 3230 schol.
958 3181 1039 3241 soph.
1067 3181 1189 3230 'irath'

111 3263 184 3316 1169
203 3272 274 3316 ναῖεν
294 3260 319 3318 δ’
340 3270 365 3318 ἰν
383 3269 500 3334 πυθμένι
519 3261 604 3332 φηγοῦ
621 3269 686 3316 iles.
705 3261 943 3329 agnouerit.
978 3266 1060 3314 Palla.
1077 3266 1100 3332 1,
1119 3263 1163 3332 17,

109 3350 139 3402 5.
158 3350 205 3400 ubi
224 3349 281 3420 ἱερὰ
299 3349 348 3404 τοῦ
370 3350 439 3405 Θεοῦ
458 3349 539 3422 φηγός
557 3355 586 3402 et
603 3353 677 3419 Vlii,
695 3351 739 3404 23.
757 3349 773 3418 ἡ
791 3355 816 3404 ἰν
834 3348 941 3420 Λυδώνῃ
962 3346 1023 3419 δρῦς
1040 3346 1165 3416 (Notan-

108 3440 176 3488 dum
194 3443 238 3488 est
256 3438 349 3501 tagum
367 3438 439 3488 inter
456 3451 601 3501 quercuum
619 3439 727 3500 species
744 3438 851 3489 reterri.
870 3438 950 3488 Paua.
969 3437 1044 3500 vill,
1063 3436 1106 3505 12,
1121 3433 1164 3504 l).

109 3526 135 3573 Ε
155 3536 258 3586 quercu
275 3523 421 3574 simulacra
438 3525 513 3590 vill,
533 3523 576 3591 17,
596 3523 622 3576 2.
644 3547 682 3559 -
703 3526 784 3574 Voss.
811 3525 904 3574 Theoi.
923 3526 1002 3575 Geni.
1021 3525 1056 3590 V,
1074 3521 1120 3590 48,
1138 3540 1164 3588 p.

109 3607 158 3660 91.
195 3608 238 3660 Oi.
255 3610 391 3660 Plutarch·
411 3611 460 3670 Qu.
479 3613 556 3661 Rom.
574 3609 650 3660 xcii
667 3607 731 3668 Διὸς
749 3605 893 3680 καὶἬρας
916 3609 985 3680 ἱερὸς
1004 3606 1018 3662 ὁ
1038 3609 1165 3679 στέφανός
1263 3673 1267 3694 ’

109 3699 183 3746 ἐστιν
203 3690 340 3766 duplione.
359 3719 396 3732 -
414 3697 443 3746 ln
460 3696 587 3764 Arcadia,
606 3709 684 3760 quam
701 3695 872 3769 Pelasgieam
885 3697 1049 3760 religionen
1067 3697 1165 3748 diutis-

109 3781 181 3832 sime
200 3795 328 3834 servasse
346 3785 468 3849 constat,
492 3796 577 3846 prope
595 3785 791 3834 Orchomenum
808 3783 912 3834 Dianae
930 3781 1107 3833 Cedreatidos
1124 3783 1165 3832 si·

109 3870 262 3918 mulacrum
280 3868 308 3920 in
327 3870 410 3920 cedro
428 3868 544 3922 dicatum
564 3873 631 3920 erat.
668 3871 786 3920 Pausan.
804 3869 878 3936 Vlll,
898 3867 941 3935 13,
960 3867 986 3918 2.
1005 3859 1165 3933 (‚‚Ge‹lro“

110 3953 185 4006 enim
204 3955 321 4021 „similis
340 3953 367 4004 in
385 3955 503 4006 Arcadia
520 3961 564 4008 est
582 3948 684 4008 arbor“
701 3956 770 4006 Plin.
790 3957 865 4022 xlii,
886 3949 945 4019 ll.)
957 3955 1045 4004 -De
1064 3963 1166 4016 quercu

108 4041 171 4090 lovi
195 4054 277 4093 sacra
299 4043 333 4092 ct.
357 4041 439 4094 etiam
462 4042 571 4094 Maxim.
596 4045 662 4106 l'yr.
685 4043 750 4094 diss.
772 4043 889 4094 llllvlll
915 4037 1020 4110 ἄγαλμα
1048 4039 1075 4090 tt
1103 4037 1166 4096 Διὸς

108 4127 245 4180 Κελτικοῦ
262 4123 348 4196 ipati}
369 4124 438 4199 δρῖις.
