2916 4722
230 343 232 346 .
296 279 344 352 64

298 465 394 530 fnisse
411 465 462 544 ⁶⁵),
484 459 762 548 eodemqueanno
778 475 895 548 regem,
912 464 1026 548 spretis
1042 463 1262 528 Romanorum
1277 481 1353 527 con·

237 573 243 586 '
298 567 485 645 ditionibus,
520 555 639 652 quibus
667 565 843 630 libertatem
879 565 1012 630 Graecis
1044 568 1211 630 restituere
1245 568 1352 649 jussus

297 681 346 736 est
363 673 424 751 66),
452 672 623 757 instigante
646 669 824 734 Hannibale
855 669 933 734 belli
962 667 1127 734 consilium
1150 671 1275 754 cepisse
1295 670 1351 746 67).

300 813 339 826 -
363 775 459 838 Anno
481 775 579 860 igitur
602 775 681 850 191,
702 773 778 838 licet
799 772 894 838 rebus
924 771 1005 836 male
1033 775 1067 835 in
1090 774 1222 863 Europa
1245 775 1351 860 gestis,

297 878 394 942 fidam
411 875 523 955 adhuc,
544 898 608 963 quo
630 898 665 941 se
681 873 866 954 contulerat,
890 875 1051 961 Ephesum
1067 879 1189 940 invenit
1205 875 1265 956 68).
1305 876 1351 941 lbi

298 980 489 1067 aliquamdiu
510 983 616 1066 quiete
631 991 843 1046 commoratus
859 982 907 1057 69)
929 1000 1003 1043 mox
1020 978 1157 1064 navales,
1172 988 1351 1048 terrestres

272 1107 358 1172 *que
381 1087 491 1170 copias
513 1105 626 1170 parare
650 1087 757 1169 coepit
772 1085 829 1162 ⁷⁰).

295 1199 296 1202 ’
328 1196 331 1202 ’
386 1188 493 1273 Quum
515 1209 593 1252 vero
616 1186 727 1274 paullo
751 1197 825 1272 post
840 1185 1099 1252 Chersonnesum
1122 1205 1156 1252 se
1179 1185 1349 1262 conferret,

297 1290 535 1378 Polyxenidam,
544 1289 694 1357 classe'et
708 1291 840 1356 navibus
856 1284 1076 1376 speculatoriis
1088 1287 1219 1366 traditis,
1231 1290 1349 1374 Ephesi

256 1372 261 1390 ¹
296 1397 489 1484 praefectum
510 1395 637 1480 reliquit
652 1397 709 1474 71).
755 1393 831 1478 Quo
855 1393 894 1458 ad
911 1392 1074 1479 Corycum
1096 1395 1349 1477 promontorium

296 1505 382 1566 victo
399 1501 456 1580 ⁷²),
478 1500 624 1577 Romani,
647 1497 760 1583 quibus
776 1499 986 1562 Pausistratus
1001 1495 1147 1561 Rhodius
1163 1497 1211 1560 25.
1223 1499 1348 1562 navium

298 1601 429 1668 classem
451 1605 651 1689 praestiterat
665 1604 724 1681 ⁷³),
745 1601 868 1664 hostem
887 1601 1048 1686 Ephesum
1065 1621 1170 1684 usque
1192 1603 1348 1684 persecuti

297 1717 370 1772 ante
399 1715 511 1793 portus
541 1708 656 1770 ostium
688 1707 755 1768 acie
783 1707 934 1776 instructa
963 1712 1120 1768 steterunt
1141 1704 1199 1782 14).
1257 1702 1348 1787 Quae

298 1809 424 1886 obsidio
448 1818 577 1873 netum
600 1808 735 1893 quidem
749 1807 873 1872 sublata
896 1816 958 1884 est,
981 1829 1076 1892 quum
1098 1807 1221 1883 Livius,
1244 1807 1349 1871 Pausi-

297 1921 398 1976 strato
422 1910 503 1976 duce
516 1911 602 1975 Sami
624 1909 737 1976 relicto
754 1912 814 1992 ⁷⁵),
835 1909 1079 1995 Hellespontum
1095 1930 1129 1972 se
1146 1907 1293 1974 contulit.
1308 1947 1348 1956 -

296 2017 380 2080 Huic
395 2012 619 2099 Polyxenidas,
642 2017 696 2098 qui
719 2023 751 2078 et
771 2016 840 2098 ipse
857 2012 1003 2078 Rhodius
1020 2022 1087 2078 erat
1109 2020 1141 2076 et
1155 2013 1347 2084 Pausistrato

250 2120 254 2130 '
295 2117 447 2196 infensus,
469 2109 722 2203 per'deditionis
751 2116 982 2180 simulationem
1010 2119 1131 2204 regiam
1159 2136 1194 2179 se
1218 2115 1348 2180 classem

296 2220 482 2287 traditurum
503 2224 662 2308 promisit,-
677 2219 905 2286 subducturum
927 2242 962 2284 se
985 2219 1135 2306 quasdam
1157 2241 1256 2306 naves
1276 2229 1348 2284 tam·

296 2349 389 2411 quarn
411 2324 577 2390 reficiendi
598 2347 702 2406 causa,
724 2319 801 2390 alias
817 2325 968 2402 dimissas,
990 2345 1106 2409 paucas
1125 2333 1199 2386 ante
1220 2333 1348 2408 portum

296 2431 416 2514 Ephesi
437 2433 472 2494 in
494 2429 560 2494 sale
582 2429 761 2494 habiturum
783 2430 840 2510 ⁷⁶).
892 2429 1086 2492 Pausistrato
1108 2426 1194 2490 hisce
1216 2431 1348 2510 promis-

296 2534 339 2596 sis
362 2531 513 2616 decepto,
536 2531 752 2618 Polyxenidas
781 2541 855 2598 ante
883 2531 986 2596 lucem
1009 2529 1132 2618 Pygela
1154 2539 1284 2615 portum
1306 2541 1347 2594 te-

296 2635 374 2710 nuit,
396 2632 482 2724 unde
503 2643 603 2697 noctu
624 2638 658 2697 in
686 2637 829 2720 proxima
856 2643 959 2698 terrae
982 2635 1106 2698 Samiae
1134 2636 1272 2718 trajecit,
1295 2636 1348 2698 Ni-

297 2735 420 2800 candro
441 2733 626 2822 archipirata
650 2759 668 2800 a
691 2746 784 2824 tergo
808 2737 1033 2800 Pausistratum
1056 2735 1274 2824 aggrediente,
1296 2740 1347 2823 qui
1409 2793 1413 2808 .

297 2861 392 2924 quum
416 2860 434 2902 e
455 2848 552 2924 portu
576 2850 755 2927 erumperet
776 2842 845 2925 ipse
867 2841 1050 2905 interfectus
1074 2851 1106 2906 et
1122 2842 1278 2906 Romanis
1297 2841 1348 2906 de-

296 2945 403 3022 victis,
433 2940 540 3006 classis
568 2954 695 3029 praeter
723 2953 845 3029 septem
873 2965 971 3010 naves
998 2941 1089 3032 capta
1113 2954 1145 3010 et
1166 2946 1200 3010 in
1221 2959 1347 3030 portum

297 3046 491 3137 Ephesinum
511 3029 609 3112 ¹ducta
632 3055 681 3112 est
695 3049 753 3127 ⁷⁷).

366 3239 691 3314 65)nrv.xxxv,1s.
718 3271 754 3282 -
781 3250 849 3310 App.
871 3249 891 3297 l.
912 3249 931 3296 l.
1021 3239 1074 3309 66)
1096 3244 1206 3296 Ionibus
1228 3255 1299 3295 sano
1321 3249 1348 3296 et

244 3369 248 3374 A
295 3331 475 3382 Aeolensibus
495 3331 648 3382 libertatern
672 3343 703 3382 re
725 3345 918 3383 concessurum
941 3335 1093 3396 negaverat
1113 3335 1182 3394 App.
1206 3343 1231 3380 o.
1251 3328 1296 3381 12.
1316 3355 1348 3367 -

295 3416 356 3468 mv.
374 3417 486 3482 xxxv,
506 3414 550 3466 17.
627 3413 678 3480 or)
697 3418 756 3468 mv.
774 3420 793 3468 ι.
812 3419 830 3467 1.
849 3431 874 3468 ο.
894 3415 936 3468 rs.
1011 3413 1063 3480 os)
1082 3415 1286 3482 mv.xxxv1,
1305 3413 1348 3467 tr.

295 3482 332 3536 -’-
349 3505 418 3564 App.
431 3514 455 3550 c.
468 3499 512 3550 20.
583 3497 635 3566 69)
653 3506 794 3569 „Securus
813 3503 951 3554 admodum
970 3496 1106 3569 (Ephesi)
1124 3505 1348 3569 octateuchum

295 3599 350 3636 non
369 3585 525 3637 transituris
542 3581 698 3638 Romanis“
715 3589 773 3640 hir.
795 3591 813 3638 1.
832 3590 851 3638 l.
870 3601 894 3638 o.
913 3584 957 3638 41.
1047 3581 1099 3652 70)
1122 3587 1180 3638 hir.
1204 3588 1241 3638 ib.
1260 3600 1285 3638 o.
1305 3585 1347 3637 42.

296 3665 348 3736 71)
366 3671 425 3722 Liv.
443 3671 479 3722 lb.
563 3667 615 3737 72)
634 3673 693 3723 hir.
712 3675 731 3724 1.
750 3675 768 3724 1.
788 3687 812 3724 c.
831 3670 874 3724 45.
893 3689 929 3710 ··⁶
946 3677 1015 3736 App
1035 3687 1060 3724 o.
1078 3672 1122 3724 22.
1143 3697 1180 3708 --
1197 3675 1258 3730 lino
1277 3686 1346 3738 qno-

295 3769 348 3822 que
364 3758 524 3809 referondus
541 3757 648 3810 videtur
664 3761 743 3811 locus
762 3760 849 3812 Flori:
881 3759 1027 3827 „Ephesiis
1046 3759 1184 3814 §Hemina
1201 3760 1346 3822 superavi·

295 3835 377 3894 mns“
393 3843 431 3911 11,
450 3841 478 3911 Θ,
492 3839 533 3892 13.
553 3842 594 3894 ct.
607 3844 720 3908 interpr.
758 3845 860 3908 ortibus
871 3845 961 3910 verbis
973 3843 1061 3911 ruaJ‘or
1072 3845 1251 3908 Ephesiorum
1267 3857 1347 3909 qnam

295 3931 478 3981 Romanorum
495 3929 557 3980 laus
574 3929 737 3982 consuetur.
826 3926 878 3996 73)
901 3932 1094 3989 Pausimachua
1114 3929 1239 3994 Appiano
1258 3935 1303 3983 est
1321 3935 1345 3980 o.

294 4011 339 4065 24.
358 4019 387 4066 et
404 4013 523 4078 saeplus.
598 4010 650 4081 74)
668 4015 727 4068 hiv.
745 4019 766 4068 1.
783 4018 802 4068 l.
821 4029 846 4069 o.
864 4015 908 4069 45.
980 4013 1033 4083 15)
1050 4021 1120 4082 App.
1138 4030 1163 4067 o.
1176 4013 1220 4068 24.
1294 4009 1378 4078 llil*

294 4097 354 4151 hir.
371 4100 511 4170 xxxvn,
530 4097 573 4153 1⁰.
591 4114 684 4154 ssa·
700 4107 770 4169 App.
788 4117 812 4157 o.
830 4100 874 4155 24.
891 4117 929 4156 ss.
998 4098 1054 4170 77)
1071 4106 1140 4168 App.
1158 4115 1184 4156 o.
1202 4101 1247 4156 24.
