2916 4722
269 256 340 330 112

268 462 305 506 ex
327 441 505 507 eruditione
527 437 759 526 mythologica3
788 459 892 524 neque
921 447 1025 502 tamen
1054 435 1153 502 ullum
1175 440 1210 502 in
1233 437 1325 503 cultu

266 544 372 610 locum
393 545 542 610 habuisse
566 565 603 608 ex
625 542 756 620 diserta,
780 563 871 628 quam
894 541 992 607 modo
1014 540 1173 606 attulimus
1197 551 1326 606 contra-

266 651 305 712 rii
326 650 490 712 mentione
512 657 658 733 apparet;
689 649 829 732 quamvis
858 647 892 708 in
919 646 1101 710 uuiversum
1123 643 1203 708 tales
1229 643 1325 708 salta-

267 753 372 814 tiones
393 749 479 814 haud
491 772 581 814 rarae
597 749 722 828 iruerint,
744 747 914 833 multisque
929 745 1080 832 exemplis
1096 751 1223 833 possint
1239 769 1325 812 com-

266 852 397 938 probari
413 854 455 933 ⁵).
501 854 549 916 Ex
572 853 682 918 eadem
705 853 797 917 Deae
818 853 964 914 Hicesiae
986 861 1098 916 natura
1121 850 1324 936 sequebatur,

267 975 372 1039 neque
406 976 498 1034 oves,
531 977 636 1042 neque
659 955 741 1021 ullas
768 952 1030 1041 sanguinolentas
1059 955 1200 1018 victimas
1230 955 1325 1019 Deae

268 1057 390 1122 oblatas
412 1059 509 1124 fuisse
526 1059 573 1139 ⁶);
597 1067 708 1122 contra
732 1058 902 1146 supplices,
924 1057 1101 1122 virentibus
1117 1059 1248 1123 coronis
1274 1079 1325 1122 or-

266 1164 340 1238 nati,
362 1162 481 1226 fructus
503 1171 607 1248 atque
626 1183 722 1246 poma
751 1183 811 1248 pro
841 1159 997 1226 sacrificio
1027 1163 1060 1224 in
1089 1181 1143 1224 ara
1166 1159 1326 1246 deposue-

172 1249 176 1256 ’
266 1273 341 1328 runt
357 1266 400 1344 ⁷).
452 1265 622 1330 Praeterea
651 1268 756 1351 apium
782 1266 874 1330 Deae
903 1262 1045 1328 oblatum
1073 1262 1171 1328 fuisse
1199 1267 1325 1344 scimus,

267 1389 328 1453 qua
351 1366 450 1431 dere
474 1367 512 1431 cf.
536 1367 564 1452 §.
587 1367 616 1445 8,
639 1389 671 1430 n.
695 1370 745 1432 ll.
771 1370 822 1433 15.

354 1469 425 1534 Alia
447 1473 562 1534 rituum
591 1492 665 1554 pars
694 1472 727 1534 in
755 1469 890 1556 publicis
919 1467 1045 1534 videtur
1074 1467 1177 1554 epulis
1206 1473 1325 1534 consti-

266 1575 349 1652 tisse,
372 1571 486 1658 quibus
509 1581 635 1658 praeter
663 1572 813 1637 sacellum
836 1576 869 1636 in
898 1581 1007 1636 moute
1030 1571 1184 1636 Solmisso
1208 1572 1270 1650 (ci.
1294 1572 1323 1658 ξ.

267 1678 318 1753 13,
335 1676 399 1755 V.)
423 1685 538 1740 certam
561 1675 718 1761 quandam
741 1675 851 1763 templi
873 1686 996 1762 partem
1015 1674 1201 1740 destinatam
1226 1676 1325 1742 fuisse

265 1776 414 1852 vidimus3
444 1801 641 1864 quaequam
670 1789 755 1844 arcte
778 1782 950 1865 antiquitus
977 1801 1046 1844 cum
1068 1781 1136 1864 ipsa
1165 1776 1325 1865 religione

267 1880 469 1943 cohaeserint
490 1879 543 1944 vel
565 1881 640 1944 inde
663 1881 813 1947 concludi
834 1892 955 1968 potest,
985 1880 1074 1967 quod
1102 1884 1135 1945 in
1162 1884 1232 1967 ipsa
1260 1885 1325 1968 jam

266 1981 368 2046 cultus
391 1981 576 2048 conditione
600 2005 709 2050 eorum
732 1987 852 2048 mentio
875 1984 921 2064 fit,
944 1993 977 2048 et
999 1984 1039 2048 ab
1062 1987 1100 2048 iis
1121 1985 1248 2048 Dianae
1271 2006 1326 2050 eo-

265 2094 480 2172 gnomentum
504 2107 568 2172 quo
592 2090 704 2166 Δαιτὶς
727 2087 904 2168 dicebatur,
928 2090 1083 2176 originem
1105 2091 1236 2153 traxisse
1263 2099 1325 2152 tra-

267 2189 352 2254 ditur
367 2191 412 2270 ⁸).
464 2189 571 2274 Quum
593 2212 672 2256 vero
694 2190 795 2256 simile
822 2189 982 2277 quoddam
1004 2186 1208 2278 ἑστιατόριον
1231 2183 1331 2256 etiam*

266 2292 440 2379 Olympiae
463 2294 568 2372 fuisse,
591 2294 699 2380 ibique
721 2297 878 2359 victorum
893 2296 924 2358 in
948 2293 1031 2358 ludis
1047 2293 1225 2380 Olympicis
1249 2317 1326 2360 con-

266 2398 350 2459 vivia
374 2396 530 2462 celebrata
547 2397 644 2462 fuisse
661 2400 795 2485 sciamus
811 2399 854 2477 ⁹),
877 2394 990 2473 eodem
1006 2397 1072 2461 fine
1087 2407 1229 2462 nostrum
1246 2421 1326 2484 quo-

181 2491 193 2506 '
266 2520 328 2582 que
350 2495 559 2585 ἑστιατόριον
586 2503 763 2565 institutum
793 2521 863 2563 esse
890 2509 1025 2586 propter
1053 2500 1207 2565 festorum
1230 2511 1326 2588 atque

265 2598 413 2664 ludorum
435 2601 644 2686 frequentiam
667 2606 735 2666 veri
762 2601 847 2664 haud
871 2601 1021 2666 dissimile
1045 2612 1102 2666 est.

250 2783 252 2791 y
353 2701 453 2786 Quod
479 2725 557 2768 vcro
587 2703 719 2768 diximus
746 2705 894 2768 hicesiam
917 2715 1058 2770 nostram
1080 2705 1182 2770 Deam
1212 2707 1320 2790 fuisse,

265 2804 299 2868 id
324 2826 361 2868 ex
387 2804 504 2890 asylo
528 2827 657 2892 quoque
681 2815 820 2894 apparet,
843 2806 971 2893 quoda
1001 2811 1216 2873 remotissimis
1246 2811 1324 2877 iude

265 2907 462 2994 temporibus
486 2931 555 2973 curn
584 2909 703 2995 templo
734 2913 936 2996 conjunctum
967 2920 1033 2976 erat
1051 2913 1106 2990 ¹⁰).
1153 2911 1248 2998 Quae
1271 2939 1325 2981 ve-

265 3020 347 3076 tusta
370 3010 452 3096 asyli
468 3013 621 3098 Ephesini
644 3015 737 3102 origo
762 3013 876 3078 fabulis
892 3015 968 3079 mihi
984 3014 1149 3080 nonnullis
1174 3038 1324 3104 expressa

264 3113 398 3192 videtur,
420 3137 491 3194 una,
514 3139 575 3203 qua
597 3116 923 3204 „Liberumpatrem
946 3118 1033 3184 bello
1057 3121 1227 3199 victorem,
1252 3145 1325 3209 sup-

334 3297 369 3366 6)
388 3300 430 3352 cl.
449 3306 592 3366 spanhem.
610 3306 645 3356 ad
663 3303 821 3357 Callimachi
842 3307 898 3356 1.,1.
1005 3300 1040 3372 6)
1057 3309 1149 3371 Etym.
1167 3310 1244 3372 blgn.
1264 3311 1284 3359 l.
1303 3311 1322 3359 l.

264 3385 420 3448 antiquitus
438 3401 505 3439 vero
523 3387 656 3453 ejusmodi
674 3389 819 3458 sacrificia,
838 3395 870 3442 ut
891 3391 921 3441 in
938 3391 1061 3447 omuibus
1083 3395 1143 3444 lere
1161 3393 1251 3444 saetis
1269 3396 1325 3446 Pe-

265 3471 389 3537 lasgicis,
402 3472 502 3534 npnesl
515 3486 619 3537 quoque
631 3476 722 3527 locum
738 3477 864 3528 habuisse
882 3475 941 3526 verl
956 3490 1012 3527 uon
1024 3478 1154 3530 dissimile
1172 3484 1225 3531 est.
1262 3483 1325 3532 Me-

264 3566 313 3604 rae
332 3558 422 3605 tamen
439 3557 547 3607 fabulae
564 3565 637 3625 sunt,
657 3575 724 3624 quas
749 3564 783 3612 de
805 3558 947 3613 sacrifieiis
968 3565 1091 3615 humanis
1108 3564 1213 3616 Dianae
1231 3567 1325 3630 Ephe-

265 3639 334 3706 siae,
353 3653 421 3703 quae
439 3643 580 3694 Massiliae
601 3647 741 3697 colebatur
760 3642 809 3713 (cl.
828 3641 853 3712 §.
872 3644 899 3716 8,
919 3650 982 3700 nv
1000 3645 1082 3715 extr.)
1101 3651 1201 3702 oblatis
1219 3654 1326 3713 profert

265 3726 379 3787 Ruperti
404 3729 437 3776 ad
461 3727 554 3776 lllirrm
579 3729 702 3782 itelleum
719 3733 785 3799 XV,
809 3729 870 3782 170.
907 3737 984 3796 Quod
1008 3749 1077 3799 quae
1099 3739 1215 3799 probent
1232 3750 1324 3801 neque

265 3811 326 3862 Silii
346 3812 441 3880 italici,
460 3825 557 3879 neque,
577 3818 778 3884 quammulta,
797 3818 900 3869 bircani
923 3814 1037 3885 (Phara.
1054 3822 1109 3888 ill,
1127 3819 1181 3872 399
1199 3820 1257 3889 aa.)
1277 3827 1325 3874 aut

265 3899 405 3949 suabonis
423 3898 537 3961 denique
554 3900 618 3950 loco
638 3898 703 3968 (lv,
721 3896 792 3965 302)
815 3901 915 3954 insunt.
1004 3901 1039 3970 7)
1058 3905 1126 3966 Τοὺς
1149 3910 1236 3966 ἱκέτας
1253 3910 1325 3978 μαλ-

265 3979 326 4037 λούς
343 3979 501 4053 προσφέρειν
519 3987 563 4035 Et.
582 3987 656 4049 Mgn.
674 3988 693 4037 l.
711 3990 731 4038 l.
784 3982 819 4052 8)
836 3989 903 4042 lblrl.
916 3993 944 4044 el
956 4006 979 4042 s.
992 4007 1017 4044 ll·
1029 3991 1131 4052 Δαιτίς.
1191 3989 1227 4060 9)
1239 3996 1323 4048 Palla.

264 4065 300 4130 V,
320 4063 363 4134 15,
384 4065 425 4118 12.
498 4065 549 4134 lo)
568 4071 649 4122 Paua.
667 4071 770 4139 vim.
