2910 4726
279 272 351 348 166

279 457 348 536 XII,
370 458 470 538 621),
492 453 653 520 Mereos
675 455 749 535 (XI,
770 455 846 520 478.
868 456 923 534 80,
943 455 1053 519 Duces
1070 475 1102 540 p.
1120 455 1188 519 213
1203 455 1340 536 liele),

279 560 586 647 Metrophanem
609 558 723 638 (Fahr.
746 559 805 636 XI,
828 561 928 637 701),
958 557 1222 644 Apollonium
1245 561 1340 640 (vll,

281 668 380 746 167),
401 662 662 747 Polycratem
690 665 752 743 (X,
774 664 851 727 311.
880 663 954 741 XII,
979 665 1051 727 175.
1074 662 1149 726 362.
1173 663 1269 743 563),
1298 674 1340 740 et,

279 771 369 856 eujus
391 769 536 845 carmina,
559 765 716 832 didactioa
744 766 812 830 fere
841 769 963 846 omnia,
991 764 1087 829 nohis
1115 775 1241 830 servata
1263 777 1341 830 sunt

280 869 510 936 Manuelem
525 868 664 956 deniqne
677 868 835 949 Philen,
850 874 980 956 peilam
994 891 1076 936 saec.
1091 869 1167 934 XIII
1182 868 1237 934 vel
1251 871 1341 934 XIV.

732 1126 883 1138 *υ*

491 1417 497 1432 ‘
598 1420 733 1496 PARS
766 1420 1020 1499 SECUNDA.

413 1579 495 1668 De
533 1578 758 1668 artibus
798 1577 1200 1695 Ephesiorum.

755 1800 848 1885 §.1

628 1905 994 2024 lncnlncnohl.

392 2071 557 2140 TEMPLI
579 2073 748 2142 DIANAE
772 2073 985 2143 EPHESIAE
1007 2068 1229 2136 HISTORIA

627 2221 674 2283 ch
692 2211 757 2271 ποκ’
777 2213 826 2272 ἄπ’
848 2213 1001 2288 Οὐλύμποιο
1019 2211 1151 2286 μετάγαγε
1170 2212 1343 2285 παρθενεῶνα

623 2289 676 2340 Τὸν
695 2287 781 2359 πάρος
800 2284 933 2358 οὐρανίοις
950 2284 1102 2358 ἐμβεβαῶτα
1120 2284 1224 2353 &lipom

619 2353 661 2416 ’Ec
680 2359 754 2410 πόλιν
770 2353 940 2430 Ἀνδρὸκλοιο
958 2355 1034 2410 θοῶν
1052 2358 1187 2423 βασίλειαν
1202 2351 1303 2418 Ἰώνων,

625 2429 678 2480 Τὰν
700 2425 765 2498 δόρυ
783 2431 828 2482 καὶ
846 2425 971 2486 Μούσαις
989 2425 1140 2479 αἰτιοτάταν
1154 2422 1276 2495 Ἔφεσον.

893 2507 971 2564 Bpigr.
986 2521 1021 2564 op.
1035 2505 1110 2548 natal.
1125 2507 1183 2547 Corn.
1198 2520 1220 2562 p.
1240 2509 1289 2547 142.

1150 2575 1161 2602 h

620 2653 653 2705 Ὁ
675 2651 722 2722 τῆς
745 2649 901 2724 Ἀρτέμιδος
922 2653 988 2714 ναὸς
1014 2657 1039 2705 ἓν
1060 2647 1157 2724 Ἐφέσῳ
1181 2651 1263 2722 μόνος
1286 2655 1342 2705 lori

625 2725 696 2776 θεῶν
714 2725 793 2783 οἶκος.

867 2801 934 2843 Philo
947 2804 1003 2856 1351.
1018 2797 1119 2860 Spectat.
1132 2801 1220 2845 lla-ll,
1235 2802 1288 2843 vn.

371 2978 466 3046 Circa
482 2977 698 3067 olympiadem
712 2979 780 3044 fere
795 2979 1079 3070 quadringesimam
1100 2980 1189 3060 illud,
1211 2980 1253 3045 de
1273 3003 1338 3066 quo

282 3087 345 3172 jem
374 3082 489 3149 dicturi
517 3107 638 3164 sumus,
666 3087 792 3150 Dianae
819 3085 971 3172 templum
1001 3086 1162 3151 aedificari
1193 3095 1342 3170 coeptum
1446 3107 1447 3112 ¹

285 3197 340 3254 est.
391 3191 475 3254 Nam
497 3208 602 3274 neque
632 3188 672 3254 de
694 3192 797 3276 primo
827 3189 969 3254 tutelaris
992 3191 1112 3277 Ephesi
1135 3188 1271 3253 numinis
1295 3207 1344 3250 sa·
1446 3185 1447 3190 ’

284 3293 376 3373 cello,
398 3297 432 3358 in
455 3313 518 3379 quo
535 3293 613 3357 nihil
630 3297 714 3373 erlis,
736 3303 772 3358 ut
787 3315 883 3380 supra
896 3293 1032 3358 vidimus
1055 3293 1114 3376 (cl.
1135 3315 1162 3356 c.
1178 3291 1232 3370 lll,
1255 3290 1284 3374 §.
1303 3293 1343 3370 l)
1446 3299 1447 3362 I

283 3401 422 3485 positum
446 3407 522 3475 erat,
543 3397 594 3460 hio
617 3397 773 3484 agendum
799 3407 859 3473 est3
888 3418 992 3480 neque
1023 3397 1063 3461 de
1086 3393 1224 3482 templo,
1253 3391 1343 3479 quod
1446 3415 1447 3460 ὲ

284 3501 343 3565 sub
367 3499 533 3564 Androelo
556 3521 633 3588 rege
656 3523 720 3566 una
743 3523 812 3566 cum
836 3500 904 3564 aliis
927 3499 1070 3579 duobus,
1092 3501 1187 3564 lones
1211 3497 1344 3584 Ephesii

284 3603 409 3666 Dianae
441 3601 626 3668 aedificasse
650 3603 800 3668 censendi
828 3614 903 3668 sunt
920 3605 968 3684 ¹),
997 3602 1084 3667 nIiud
1113 3601 1218 3667 dicere
1247 3599 1344 3664 hahe—
1446 3669 1447 3690 p

285 3759 484 3770 .-.--.-.----

357 3846 391 3917 l)
409 3853 450 3903 De
467 3853 520 3902 hoo
536 3850 602 3903 nihil
626 3866 738 3917 prorsnr
762 3852 910 3904 memoriae
933 3852 1061 3904 traditum
1086 3854 1142 3916 εει)
1168 3851 1239 3915 quod
1262 3854 1291 3901 el
1310 3861 1345 3900 ex
1446 3837 1447 3878 l

284 3949 374 3988 rerum
392 3936 603 4000 Ephesieenrum
620 3940 784 4004 scriptorum
809 3939 922 3991 interitu
945 3939 1110 4004 intelligitur
1133 3943 1161 3989 el
1183 3952 1219 3990 ex
1240 3949 1343 3987 reeen-

285 4021 365 4074 liorlr
381 4022 474 4085 templi
492 4024 595 4091 glorie,
619 4039 672 4089 qno
697 4025 795 4090 prioris
820 4026 896 4078 nelle
920 4039 955 4078 ne
973 4025 1119 4078 memoriae
1138 4024 1244 4090 quidem
1263 4025 1343 4076 loono

284 4106 397 4160 relictus
415 4113 467 4160 erl.
