2916 4722
310 297 382 370 168

396 479 523 545 Certam
546 486 649 542 autem
673 494 832 539 sacrorum
861 481 983 559 partem
1013 473 1151 558 virgines
1174 469 1361 536 sacerdotes
1453 509 1454 518 1

307 581 574 658 administrabant,
589 599 666 664 quas
683 589 715 642 et
730 586 863 664 propter
876 577 988 640 sumrni
998 574 1164 638 Pontificis
1176 593 1297 638 nomen
1309 577 1362 655 ⁸⁵),
1396 625 1402 630 .

308 696 341 751 et
369 694 501 770 propter
529 682 694 747 multarum
722 680 852 744 aliarum
881 677 1079 743 sacerdotum
1109 675 1290 764 analogiam
1310 679 1361 759 88)

308 787 498 852 Melissas
527 785 702 872 appellatas
730 785 827 848 fuisse
856 801 973 846 censeo
990 782 1048 860 ³⁷).
1075 819 1114 832 -
1140 781 1256 844 Earum
1284 803 1359 846 con·
1416 807 1419 813 ’

308 890 388 954 ditio
411 888 588 954 hierodulia
609 888 734 953 videtur
763 887 860 950 luisse
874 886 937 965 88);
966 893 1000 949 ut
1029 886 1112 946 enim
1141 884 1287 948 homines
1316 888 1361 950 sic

309 995 401 1057 etiarn
415 994 471 1057 Dii
492 1013 602 1058 servos
625 1011 701 1056 suos
723 989 891 1067 habebant,
915 991 970 1072 qui
992 985 1091 1051 multo
1114 989 1244 1073 majore,
1267 1011 1359 1074 quam
1453 1061 1454 1078 χ

245 1099 249 1112 “
308 1099 363 1180 qui
385 1097 546 1161 hominum
570 1105 673 1174 erant,
700 1095 888 1158 auctoritate
915 1088 1100 1179 gaudebant
1121 1100 1216 1175 atque
1238 1091 1361 1157 incola·
1404 1091 1407 1103 '

308 1201 415 1264 mitate
429 1201 488 1281 ³⁹).
535 1198 636 1285 Cujus
659 1197 853 1262 conditionis
876 1197 979 1282 origo,
1005 1204 1041 1258 ut
1063 1193 1138 1258 alibi
1159 1197 1289 1279 saepius
1305 1196 1361 1276 ⁴⁰),
1453 1231 1454 1238 1

308 1303 427 1388 Ephesi
450 1323 577 1388 quoque
599 1325 619 1372 a
640 1312 743 1366 terrae
763 1302 975 1385 occupatione
998 1307 1031 1362 et
1045 1299 1251 1384 pristinorum
1273 1301 1362 1364 inco-

307 1405 407 1470 larum
430 1405 595 1470 deditione
617 1404 795 1492 repetenda
817 1413 873 1469 est.
925 1403 1051 1466 Invenit
1073 1402 1155 1465 enim
1178 1399 1361 1467 Androclus

307 1508 388 1574 tales
403 1510 494 1574 Deae
516 1511 681 1587 ministras,
704 1512 875 1594 antiquitus
891 1509 972 1570 circa
993 1507 1240 1591 antiquissimum
1263 1506 1362 1570 sacel-

308 1612 373 1677 lum
396 1611 590 1691 habitantes,
613 1633 704 1697 quas,
726 1635 745 1676 a
767 1610 855 1677 bello
882 1632 920 1673 ac
940 1611 1164 1694 persecutione
1187 1614 1275 1674 omni
1299 1633 1361 1674 ser-

308 1726 396 1780 ratas
412 1719 470 1797 ⁴¹),
491 1715 585 1780 valde
607 1715 777 1780 verisimile
800 1725 856 1791 est,
878 1722 991 1798 postea
1013 1715 1254 1798 inperpetuum
1268 1714 1360 1780 Deae

308 1823 512 1884 ministerium
535 1821 705 1882 transiisse.
730 1855 771 1867 -
796 1820 911 1881 Earum
941 1825 1044 1880 autem
1070 1836 1218 1880 numerus
1243 1838 1281 1880 ea
1305 1839 1360 1903 po-

308 1924 459 1985 tissimum
482 1924 608 1985 ratione
631 1931 740 1985 auctus
768 1919 908 1998 videtur,
941 1929 977 1983 ut
1005 1939 1132 1998 servae,
1160 1917 1361 1986 dominorum

309 2026 431 2108 injuriis
459 2023 638 2102 lacessitae,
668 2022 708 2086 ad
737 2025 835 2108 ipsius
864 2023 956 2086 Deae
989 2022 1113 2107 asylum
1147 2024 1361 2112 confugerint,

308 2126 430 2212 ibique,
460 2147 584 2192 causam
612 2131 726 2213 justam
748 2126 845 2190 luisse
873 2134 1016 2210 reperto,
1044 2125 1184 2214 benigne
1212 2140 1362 2214 receptae

310 2229 430 2295 fuerint
463 2241 495 2296 et
527 2235 561 2296 in
589 2243 754 2296 numerum
781 2223 907 2294 δούλων
941 2231 981 2318 τῇ
1009 2230 1083 2312 θεῷ
1115 2234 1287 2316 inscriptae
1303 2233 1360 2312 ⁴²).

300 2336 400 2400 Hanc
422 2357 500 2400 vero
529 2334 726 2400 hieroduliae
756 2331 987 2411 conditionem,
1014 2336 1103 2419 cujus
1132 2356 1279 2422 graecam
1302 2338 1362 2399 ori-

310 2441 416 2538 gipem
446 2439 543 2504 multa
573 2442 640 2525 ejus
669 2441 703 2501 in
731 2441 801 2523 ipsa
830 2437 966 2502 Graecia
1000 2439 1133 2523 vestigia
1167 2437 1287 2509 docent
1306 2441 1360 2517 ⁴³),

310 2563 465 2625 quamque
488 2551 599 2606 contra
621 2563 732 2606 omues
748 2540 918 2606 calumnias
934 2541 982 2622 ⁴⁴)
1005 2540 1155 2605 tuendam
1177 2540 1360 2626 jamdudum
1452 2625 1453 2638 χ

313 2807 423 2875 &capot
493 2800 546 2871 35)
564 2809 651 2857 Essen
670 2807 740 2858 enim
760 2810 803 2857 est
820 2808 873 2856 drrx
891 2807 990 2870 apium.
1060 2805 1113 2872 36)
1133 2807 1174 2860 Gi.
1194 2803 1219 2875 §.
1232 2808 1259 2876 5,
1279 2823 1307 2860 n.
1317 2807 1359 2859 24.
1452 2851 1453 2860 ,

312 2919 343 2929 -
363 2890 519 2972 Callimaph.
542 2896 575 2942 11.
599 2893 627 2943 in
644 2894 733 2954 Apoll.
756 2907 781 2942 v.
802 2891 862 2943 llo.
883 2921 912 2930 -
933 2895 1041 2946 Boeckh
1058 2897 1092 2945 ad
1109 2895 1186 2946 Pind.
1204 2897 1287 2959 frgm.
1306 2895 1359 2946 inc.

309 2978 423 3028 XXVl.·
444 2979 577 3042 Explicat.
596 2994 622 3042 p.
641 2977 702 3028 663.
807 2975 859 3041 37)
882 2981 918 3030 nt
942 2979 1046 3032 Dianae
1063 2981 1181 3045 alioquin
1200 2984 1360 3032 sacerdotes

308 3066 432 3134 μελίσσας
452 3068 603 3130 appellatas
621 3065 707 3116 luisse
723 3064 790 3116 illud
807 3065 994 3129 Aristophanis
1012 3069 1093 3118 docet
1110 3069 1178 3118 itan.
1199 3065 1280 3118 1273:
1307 3063 1360 3118 111-
1452 3085 1453 3098 ¹

205 3211 215 3216 -
309 3159 420 3221 φαμένη
442 3149 623 3222 μελισσονόμοι
644 3151 734 3222 Λόμον
754 3145 912 3222 Ἀρτέμιδος
938 3154 1016 3210 πέλας
1043 3157 1128 3220 οἴγειν,
1155 3153 1201 3203 ubi
1226 3156 1359 3222 peliacus,
1452 3165 1453 3182 ³

309 3237 413 3288 Dianae
430 3241 614 3306 sacerdotum,
633 3241 762 3290 custodes
780 3239 953 3303 intelligendi
973 3242 1046 3289 sunt.
1119 3235 1171 3304 38)
1190 3241 1299 3290 11011111
1318 3254 1360 3302 ap.

309 3323 380 3374 llirt.
399 3324 508 3374 llierod.
528 3339 554 3387 p.
572 3324 616 3375 51.
685 3320 738 3388 39)
757 3326 832 3377 idem
849 3327 968 3376 staatslr.
986 3326 1009 3391 1,
1027 3339 1054 3388 p.
1074 3322 1118 3376 76.
1182 3321 1235 3386 46)
1253 3327 1360 3378 Boeolrh
1452 3385 1453 3394 ἵ

310 3424 354 3473 ap.
372 3411 441 3460 liirt.
460 3412 480 3460 l.
498 3413 517 3460 l.
618 3403 672 3474 41)
690 3412 808 3461 Ponsan.
831 3408 947 3476 v11‚2‚
971 3407 997 3460 8.
1105 3407 1157 3475 42)
1181 3413 1257 3462 Haec
1276 3431 1359 3464 aare·

311 3493 380 3564 φυγὴ
398 3497 459 3545 erat
477 3491 591 3560 (achill.
609 3497 669 3546 Tot.
687 3498 750 3563 Vll,
770 3491 838 3562 16),
864 3505 933 3559 quae
957 3499 1099 3560 postquam
1116 3499 1273 3561 Megabyzo
1290 3511 1360 3550 nnn-

311 3579 379 3629 tists
405 3584 462 3645 est,
493 3580 517 3630 ls
544 3583 578 3631 de
608 3595 642 3633 ea
668 3585 702 3634 ad
729 3585 875 3634 archontes
900 3582 1007 3633 rettulit
1033 3580 1113 3646 (ibid.
1141 3585 1207 3651 Vll,
1236 3582 1272 3634 13
1299 3597 1359 3648 pag.

310 3659 389 3728 614).
478 3661 529 3730 43)
547 3665 674 3719 Dianae
697 3668 855 3720 hierodulae
873 3667 1254 3732 Chaeroneaelnveniuntuu
1274 3671 1360 3720 liae-

310 3749 360 3801 ohl
383 3751 530 3815 Naupacti3
561 3754 667 3804 Boeclrlr
693 3757 712 3806 1.
735 3757 754 3806 1.
778 3770 806 3819 p.
829 3751 878 3818 493
908 3754 1080 3818 Apollinis
1109 3755 1231 3817 Delphici
1255 3755 1360 3808 snecta

310 3851 336 3900 p.
356 3832 404 3900 48;
427 3837 557 3888 Nesiotae
580 3838 690 3891 chuliae
713 3835 794 3906 (opp.
816 3835 930 3903 Boeot.)
954 3839 1200 3892 GhandlerMurm.
1220 3841 1359 3902 oxonii,

310 3919 360 3989 29,
378 3922 405 3972 2.
426 3951 457 3960 -
477 3921 518 3973 Gi.
537 3925 653 3976 Pansam.
676 3928 730 3994 lv,
754 3924 803 3993 16,
826 3924 852 3976 9.
870 3949 905 3960 -
923 3925 984 3976 Birt
1006 3926 1118 3979 Hieron.
1136 3941 1162 3989 p.
1180 3924 1308 3978 38-39.
1327 3953 1357 3964 -

309 4009 418 4059 Boeclrlr
434 4008 469 4059 ib.
489 4023 515 4071 p.
533 4007 581 4060 56:
600 4001 674 4078 „das
691 4013 1017 4066 niernumemerhmtnru
1040 4008 1136 4078 (war)
1158 4012 1185 4064 in
1209 4011 1360 4064 1111111111-

311 4095 372 4146 land
391 4108 463 4160 gana
481 4091 657 4162 allgemein“.
728 4095 780 4166 14)
793 4098 998 4163 zoegauassir.
1011 4100 1034 4167 1,
1052 4113 1079 4163 p.
1094 4097 1157 4151 ua:
1176 4111 1247 4168 „per
1260 4102 1359 4164 quanto
