2916 4722
1126 275 1171 347 71

118 461 217 528 erant,
242 453 384 536 potentia
408 473 425 514 a
441 451 625 538 Pythagora
649 453 755 518 fractis
779 453 838 534 (ci.
854 454 882 538 §.
898 456 929 533 3,
951 477 982 519 ιι.
998 457 1070 536 29),
1088 475 1175 521 mera

116 555 187 618 fere
210 553 460 618 democratia
477 555 595 639 Ephesi
618 561 788 621 constituta
812 567 861 620 est
878 559 918 636 ¹),
942 579 1031 642 quae,
1054 558 1177 644 aliquo-¹

117 661 200 722 tiens
223 666 343 722 tantum
367 668 421 721 aut
443 667 652 742 tyrannorum
675 659 736 740 (ci.
759 660 787 744 §.
810 663 841 740 3,
865 681 895 724 ιι.
918 661 1070 726 29·-33.
1093 662 1121 745 §-
1145 665 1174 742 4,

116 782 147 826 n.
173 763 226 824 12.
252 762 303 825 13.
326 759 355 844 §.
378 762 413 838 6,
436 762 514 826 ιι.3.
530 762 560 825 8.
582 762 609 846 §.
634 765 662 840 7,
685 784 716 826 n.
741 766 783 827 15
798 768 871 843 ss.)‚
899 772 953 828 aut
979 767 1173 850 optimatium

117 866 254 950 imperio
283 862 344 943 (cf.
367 863 394 947 5.
419 866 455 940 5,
482 885 513 927 n.
536 865 703 945 37-39)
729 865 868 943 turbata,
897 865 938 929 ad
959 870 1174 932 recentissima

116 988 219 1052 usque
241 968 470 1064 Imperatorum
487 969 703 1032 Romanorum
720 977 864 1053 tempora
881 968 1027 1035 obtinuit.
1074 969 1173 1056 Quod

115 1074 150 1133 in
173 1071 355 1134 universum
377 1079 505 1154 praeter
528 1091 572 1148 ea,
596 1093 677 1156 quae
699 1071 781 1135 infre
802 1071 966 1136 afferenda
989 1083 1070 1153 sunt,
1091 1094 1175 1138 com·

116 1171 257 1258 probare
279 1173 354 1236 mihi
376 1172 526 1237 videntur
547 1176 690 1238 instituta
712 1173 808 1260 plane
832 1173 1050 1253 democratica,
1073 1175 1173 1261 qualis

117 1287 150 1340 et
179 1279 432 1360 acsymuetia
464 1285 512 1339 est
539 1277 598 1354 (ef.
628 1277 656 1361 §.
679 1279 717 1356 3,
746 1299 777 1342 n.
802 1278 965 1357 40-43)
989 1287 1021 1342 et
1044 1287 1174 1342 ostra-

116 1381 265 1443 cismus
283 1381 331 1458 ²);
356 1377 528 1443 accedente
552 1378 694 1464 denique
715 1379 830 1444 diserta
854 1379 940 1466 apud
961 1390 1085 1445 veteres
1108 1380 1175 1444 de-

115 1485 341 1546 mocratiae
364 1474 630 1568 Ephesiorum
652 1485 815 1546 mentione
830 1483 874 1563 ³).
918 1484 1034 1568 Neque
1060 1493 1173 1561 tamen,

117 1588 177 1650 etsi
207 1585 363 1662 honores,
395 1606 476 1670 quos
501 1584 654 1648 Androcli
683 1587 820 1670 posteris
849 1606 1021 1652 concessos
1051 1589 1173 1663 seimus,

115 1690 164 1752 his
187 1709 357 1772 numquam
379 1707 511 1772 prorsus
535 1691 636 1772 erepti
659 1699 734 1752 sunt
748 1691 797 1767 ⁴),
827 1698 913 1752 tanta
942 1691 1025 1753 inter
1046 1688 1173 1754 nobiles
1272 1745 1276 1748 .

117 1803 150 1856 et
178 1791 307 1877 plebem
337 1789 495 1854 discordia
526 1801 606 1868 erat,
635 1801 782 1876 quantam
812 1791 978 1878 descripsit
999 1791 1047 1856 ΙΙΙ.
1072 1793 1173 1855 Kor-

116 1903 196 1958 tiim
212 1897 255 1972 ⁵).
280 1931 320 1944 -
343 1894 381 1958 In
403 1891 532 1978 reliquis
561 1903 666 1958 autem
696 1898 739 1959 ite
769 1915 913 1982 agemus,
942 1905 991 1971 ut,
1020 1894 1172 1973 collectis,

117 2017 201 2082 quae
222 1997 263 2061 de
284 1995 479 2082 reipublicae
502 1999 711 2083 Ephesiorum
734 1997 834 2062 iorma
860 2007 955 2084 atque
977 1996 1172 2062 administra-

116 2103 207 2164 tione
236 2105 494 2187 cognoverimus,
529 2099 570 2165 de
598 2103 831 2188 magistratibus
860 2104 993 2186 primum
1024 2097 1177 2176 dicamus,

116 2214 182 2268 tum
206 2202 248 2268 de
270 2213 381 2268 senatu
405 2213 436 2268 et
459 2203 601 2280 ecclesia,
624 2213 787 2288 postremo
811 2203 852 2268 de
874 2203 1008 2288 judiciis.

428 2441 852 2494 mnulstrun'rus.

205 2591 302 2654 Primi
329 2589 558 2653 Archontes
589 2588 723 2674 Ephesi,
752 2591 843 2652 sicuti
875 2587 1006 2650 Athenis
1026 2587 1061 2665 ⁶)
1090 2585 1172 2649 aliis-

116 2715 178 2777 que
208 2692 389 2758 civitatibus
412 2696 460 2772 ⁷),
489 2713 582 2779 reges
611 2691 688 2756 dicti
714 2701 788 2756 sum
817 2701 849 2756 et
883 2713 901 2756 e
929 2693 1020 2778 regio
1044 2711 1171 2775 quoque

189 2886 224 2952 l)
243 2891 284 2940 De
301 2887 470 2939 democratia
487 2890 558 2950 apud
575 2888 657 2938 lones
675 2886 702 2936 io
721 2887 877 2936 universum
895 2886 998 2936 usitate
1015 2886 1052 2934 ci.
1070 2885 1171 2935 iicroi.

115 2972 246 3043 rv,137.
283 2975 330 3040 vi,
348 2971 394 3024 43.
481 2969 517 3035 2)
540 2973 665 3035 Epheslis
687 2975 734 3022 lex
755 2976 865 3022 vetusta
883 2976 944 3022 erat
958 2968 1065 3038 Ἡμέων
1082 2970 1171 3038 μηδεὶς

116 3057 237 3129 &dumos
248 3063 324 3122 ictui,
335 3062 358 3111 si
370 3057 455 3128 δὲμὴ,
468 3053 532 3126 ἄλλῃ
547 3075 575 3107 τε
588 3059 633 3107 καὶ
644 3051 704 3124 μετ’
725 3052 815 3114 ἄλλων,
828 3069 906 3118 quarn
918 3056 1007 3104 secuti
1020 3056 1171 3102 Hermodo-

114 3161 192 3214 rum,
215 3145 313 3210 quippe
335 3145 381 3209 qui
403 3139 522 3210 ὀνῆιστος
546 3142 697 3205 videretur,
720 3139 874 3190 inexilium
893 3138 1000 3188 misisse
1018 3141 1170 3187 narramur.

116 3219 376 3297 cs.c.1v,11,'§.
396 3228 426 3296 1,
451 3243 477 3278 n.
499 3225 543 3276 24.
579 3227 639 3276 Hoc
664 3228 754 3275 autern
776 3223 804 3272 in
827 3222 909 3272 exilio
928 3235 963 3272 nc
981 3220 1170 3272 ostmcismum

115 3329 299 3382 agnoscamus
317 3316 383 3365 nihii
399 3311 510 3376 impedit
516 3327 525 3375 ς
544 3323 627 3374 quare
645 3311 780 3372 Ephesum
803 3304 984 3372 adjiciendam
1007 3317 1108 3356 censeo
1127 3319 1170 3366 cp.

115 3405 296 3454 schoemann.
315 3404 349 3451 de
368 3399 469 3450 Oomm.
490 3413 517 3460 p.
534 3393 597 3448 248.
685 3391 721 3459 3)
744 3395 866 3456 Xenoph.
890 3395 997 3444 Hellen.
1019 3391 1074 3457 ιιι,
1092 3387 1125 3457 4,
1145 3389 1170 3440 7.

116 3485 149 3554 4)
173 3489 302 3551 Apollan.
326 3489 413 3548 hyan.
436 3487 486 3547 Ep.
509 3487 543 3535 sd
564 3481 696 3545 Ephesios
718 3483 793 3532 LXV
810 3493 873 3544 pag.
892 3476 946 3530 404
964 3473 1107 3543 (Philostr.
1127 3479 1170 3527 ed.

116 3568 227 3636 Olear.)
246 3575 311 3630 roos
330 3569 388 3640 ὑμῖν
407 3568 478 3621 dcciv
497 3566 635 3636 ἁγιστείας,
653 3570 717 3624 icoc
736 3567 762 3618 di
776 3564 906 3633 βασιλικῆς
924 3565 1054 3634 τιμῆς.···
1075 3561 1171 3614 ΑοΙιΙΙΙ.
1247 3584 1252 3596 ·

117 3661 178 3709 Eat.
197 3673 225 3721 p.
244 3655 307 3708 606.
391 3651 426 3720 5)
444 3659 492 3707 Gr.
511 3659 630 3708 stautsv.
649 3669 675 3716 p.
695 3651 761 3702 107:
781 3651 886 3719 „Dieuc
903 3651 1047 3713 mischung
1065 3649 1171 3711 eligar-

117 3744 241 3794 chischer
258 3743 400 3794 Elemeate
417 3741 565 3792 unterhieit
583 3743 633 3790 den
652 3737 834 3801 Partheigeist
851 3739 926 3788 ohne
939 3740 987 3788 der
998 3736 1172 3796 Vertessung

118 3829 271 3880 bestimmta
288 3827 457 3891 Aristildung
473 3839 510 3877 nn
527 3818 637 3890 geben“
660 3828 689 3875 et
711 3825 803 3886 paullo
826 3823 898 3874 inira
922 3825 1011 3889 „hiso
1028 3817 1171 3870 zcrurbel-

118 3919 175 3966 tete
199 3916 257 3965 sich
280 3917 403 3976 Ephesos
426 3912 461 3961 lm
484 3913 598 3974 Eampie
620 3911 760 3962 curucam
782 3909 854 3958 Voiir
879 3907 932 3960 und
957 3905 1026 3959 Adel
1043 3929 1079 3941 -
1098 3896 1170 3953 -“.

117 3995 153 4063 6)
171 4000 219 4051 Sic
237 3999 388 4067 βασιλεῦσαι
405 3998 530 4048 dicuntur
548 4011 589 4059 sp.
609 3999 689 4047 Peus.
709 3998 732 4062 1,
750 3994 777 4060 3,
796 3991 822 4044 3.
847 3993 889 4044 Gi.
909 4005 976 4057 quos
993 3993 1087 4044 iaudat
1099 3993 1172 4042 Her·-

119 4098 199 4136 mann
222 4089 296 4137 Anti.
316 4088 362 4138 Gr.
382 4079 406 4150 §.
429 4079 488 4150 103,
506 4084 532 4135 2.
552 4099 577 4146 p.
597 4081 656 4133 227.
748 4076 782 4144 7)
801 4080 896 4143 scepei
914 4095 940 4130 v.
959 4093 986 4144 g.
1005 4081 1097 4130 Herm.
1115 4079 1134 4127 l.
1152 4078 1171 4125 Ι.
