2866 4736
277 275 326 351 or

204 493 207 504 ·
278 457 439 546 perandae
462 479 556 544 spem
578 479 745 544 numquam
774 477 904 544 prorsus
935 453 1089 542 abjecisse
1118 451 1225 520 mulus
1252 475 1338 521 sane
1381 483 1385 490 ¹

278 546 401 628 indiciis
422 562 552 648 probari
577 571 722 648 potesn-
754 561 837 634 Nam
865 569 897 627 et
924 558 1089 645 Philippo,
1116 558 1335 626 Macedoniae
1427 619 1428 634 ,

278 652 371 754 regi,
391 686 455 751 quo
478 676 622 752 tempore
644 663 783 731 Attalum
813 673 846 730 et
867 666 1109 730 Parmenionem
1132 661 1173 728 ad
1195 661 1337 728 liberan-
1427 739 1428 742 Ἴ

280 768 336 834 das
358 769 453 834 urbes
479 768 620 838 Graecas
648 771 681 832 in
703 768 808 834 Asiam
835 770 964 846 miserat
978 769 1012 846 4“)
1040 775 1174 832 statuam
1194 769 1231 832 in
1259 767 1336 832 loro

279 881 458 957 posuerunt
473 874 522 951 ⁵),
551 882 583 936 et
605 871 656 936 vel
678 874 779 958 ipsum
803 869 883 935 illud
898 869 1063 936 consilium
1083 872 1113 934 ei
1135 874 1336 957 persuasisse

280 967 442 1055 videntur,
477 975 538 1038 Dia
568 974 763 1060 philosopho
792 975 877 1040 hunc
911 977 945 1038 in
971 974 1071 1049 linem
1100 975 1133 1036 in
1161 973 1334 1038 Graeciam

279 1081 375 1143 misso
392 1080 435 1158 6).
478 1077 626 1165 Philippo
643 1087 746 1141 autem
761 1088 898 1157 mortuo,
919 1076 1047 1142 Delium
1062 1077 1235 1162 Ephesium
1260 1073 1336 1141 eanss

280 1180 352 1248 dem
375 1180 418 1246 ob
441 1180 630 1258 eausam-ad
650 1179 864 1248 Alexandrum
887 1181 933 1246 M.
963 1183 1090 1254 missum
1119 1179 1217 1245 luisse
1244 1181 1336 1248 audi-

279 1307 348 1349 mus
364 1287 406 1363 ⁷).
453 1282 505 1349 Cf.
528 1306 555 1348 c.
578 1284 635 1362 IV,
657 1305 687 1370 p.
711 1284 733 1363 1,
755 1283 785 1370 ἕ.
807 1285 838 1363 2,
860 1306 890 1350 n.
914 1285 938 1350 1.
955 1321 995 1336 -
1014 1282 1131 1350 Paullo
1153 1305 1232 1348 vero
1257 1295 1337 1370 post

213 1461 222 1480 Ι
279 1387 443 1453 liberatam
467 1409 485 1450 a
507 1387 698 1473 Heropytho
721 1387 849 1470 urbem,
879 1409 1027 1452 summam
1055 1407 1159 1451 rernm
1182 1409 1336 1452 rursusa

279 1491 424 1576 tyrannis
446 1499 631 1584 occrrpatam
654 1490 806 1570 videmus,
828 1495 882 1577 qui
903 1511 1004 1576 usque
1027 1488 1067 1554 ad
1089 1489 1265 1555 Alexandri
1289 1493 1334 1556 M.
1424 1512 1425 1520 ¹

280 1592 321 1657 ad
345 1592 515 1660 Granicum
544 1595 708 1672 victoriam
736 1597 901 1682 imperium
929 1591 1098 1670 tenebant;
1125 1593 1335 1683 oligarclriam

261 1697 363 1762 'enim
387 1699 617 1762 constitnerant
637 1699 797 1785 Syrphax‚
827 1700 959 1784 ejusque
986 1695 1072 1786 lilius
1093 1697 1240 1785 Pelagon
1263 1721 1336 1764 cum

185 1877 191 1884 Ι
282 1799 385 1863 fratris
407 1799 499 1875 filils3
519 1800 633 1893 audito
656 1823 734 1866 vcro
749 1801 921 1868 Alexandri
936 1803 1088 1866 victoriae
1110 1803 1233 1881 nuntio,
1254 1825 1337 1868 ruer-

283 1903 409 1980 cenarii,
431 1923 565 1986 quornm
589 1905 705 1970 anxilio
730 1915 762 1969 et
784 1904 1018 1992 eligarclrorunr
1041 1913 1074 1968 et
1089 1905 1256 1972 Persarum
1281 1911 1336 1972 im-

257 2057 260 2064 ,
281 1999 403 2091 perium
426 2007 530 2068 nixum
553 2007 650 2072 luisse
671 2007 805 2087 videtur,
827 2006 938 2071 urbem
956 2011 1059 2072 atatim
1076 2006 1276 2093 reliquerunt
1293 2011 1335 2092 Β).

283 2111 325 2173 Et
345 2129 458 2172 revera
481 2109 674 2191 Alexander,
704 2115 765 2197 qui·
785 2120 896 2197 quarto
924 2113 987 2198 jam
1015 2121 1091 2198 post
1118 2133 1260 2200 pugnam
1284 2113 1336 2179 die

281 2213 442 2300 Ephesum
464 2217 566 2296 venit,
589 2215 742 2280 dissoluta
771 2214 957 2303 oligarchia,
986 2214 1223 2294 democratiam,
1253 2240 1336 2303 quac

282 2327 375 2382 antea
398 2328 473 2406 crat,
494 2321 632 2384 restituit
651 2319 845 2406 liberamque
867 2341 934 2386 rem
954 2317 1277 2405 publieam‘reddidit
1293 2323 1334 2404 ⁹).

283 2419 417 2486 Tributa
431 2409 549 2487 ⁸autem
578 2446 658 2508 quae
687 2425 849 2508 hucusque
877 2425 983 2488 Persis
1012 2421 1174 2487 solverant
1195 2425 1335 2510 Ephesii,

222 2554 225 2563 =
281 2523 373 2587 Deae
395 2534 489 2608 atque
510 2525 631 2610 templo
654 2525 737 2590 solvi
763 2516 856 2613 jussit
871 2527 933 2608 ¹⁰),
958 2547 1019 2612 qua
1042 2525 1083 2592 de
1105 2547 1140 2591 re
1163 2527 1203 2591 cl.
1228 2549 1255 2592 o.
1279 2529 1335 2607 IV,

247 2627 705 2710 rsuscenseas.

283 2796 479 2806 -—-.—.—..-....

352 2890 387 2957 4)
405 2893 514 2946 Diodor.
527 2895 601 2962 XVI,
620 2890 653 2944 9l
669 2891 816 2962 προστάξας
834 2893 991 2966 ἐλευθεροῦν
1008 2896 1057 2956 τάξ
1071 2893 1219 2965 Ἑλληνίδας
1238 2896 1334 2960 πόλεις.

282 2974 318 3046 5)
335 2980 443 3032 Arrian.
462 2981 480 3030 l.
498 2983 517 3032 1.
607 2975 641 3042 6)
664 2979 821 3032 Philostret.
839 2982 907 3034 vict.
930 2985 1011 3046 noph.
1034 2985 1062 3051 1,
1085 2981 1111 3036 4.
1135 2985 1170 3035 cf.
1189 2985 1214 3036 c'.
1233 2988 1284 3054 lv,
1305 3001 1334 3055 u,

282 3061 307 3133 ᾗ.
326 3066 358 3134 2,
381 3080 407 3117 ιι.
430 3067 452 3116 1.
541 3061 574 3130 7)
599 3067 669 3118 Plul.
693 3067 753 3118 adv.
772 3066 862 3120 Celet.
885 3083 911 3132 p.
935 3066 1013 3122 1126.
1022 3071 1055 3121 D.
1079 3066 1244 3136 (wyslam.
1263 3059 1333 3125 nior.

281 3155 317 3221 V,
334 3169 361 3217 p.
380 3149 460 3217 602.)
531 3149 566 3219 8)
585 3153 690 3206 Arrian.
708 3152 794 3222 1„17,
812 3153 856 3226 9.Ὶ
917 3152 953 3222 9)
971 3159 1031 3208 line
1048 3157 1208 3208 referendus
1225 3159 1334 3211 videtur

280 3252 377 3292 nunus
399 3243 569 3308 autonomns,
581 3241 614 3292 'si
631 3241 737 3306 quidem
749 3243 901 3306 noceamus
919 3247 973 3310 eat,
989 3239 1137 3296 Alexandri
1155 3243 1249 3308 magni
1271 3241 1333 3298 effi·

280 3327 326 3392 gie
348 3331 461 3384 ornatus
479 3331 508 3378 et
528 3341 579 3390 ape
598 3329 723 3390 symbolo
740 3327 767 3378 in
790 3329 918 3396 signinus,
937 3343 1015 3394 quem
1033 3329 1177 3394 descripsit
1197 3335 1331 3396 Morgen-

281 3416 357 3462 stem
375 3415 441 3462 nee.
461 3413 537 3462 XXX
555 3424 626 3462 num.
645 3426 671 3462 n.
689 3413 741 3464 XX
768 3417 839 3484 apud
861 3415 1031 3486 nichternm,
1057 3417 1241 3470 Wullfahrlen
1265 3421 1331 3488 naci

282 3497 341 3547 dem
361 3495 457 3547 orient
475 3511 500 3558 p.
520 3497 580 3549 607.
655 3494 707 3566 10)
726 3502 786 3550 Arr.
806 3501 827 3568 Ι,
848 3498 891 3570 17,
911 3499 955 3553 10.
