2916 4722
275 323 325 394 88

276 527 372 572 ronae
395 505 492 571 lontis
516 514 619 570 ortum
643 505 742 570 modo
765 478 805 569 ad
821 505 977 591 Pegasum
992 504 1135 569 relerunt
1152 505 1209 584 ¹¹),
1231 504 1332 570 modo

276 609 316 674 ad
339 611 474 674 Dianam
492 609 548 688 ¹⁸).
574 647 614 660 -
638 612 686 674 Ac
712 608 765 674 vel
794 613 827 674 in
854 611 927 693 ipso
952 609 1119 673 Artemisio
1148 611 1231 672 sacri
1263 608 1335 673 lati-

276 733 328 776 ces
351 719 565 775 memorantur
581 714 638 794 19),
661 712 769 798 quales
792 715 825 778 in
848 714 917 797 ipsa
935 711 1069 777 Graecia
1093 715 1278 798 saepissime
1299 715 1335 776 in

276 814 401 900 templis
424 816 549 880 Dianae
573 816 824 881 animadvertere
846 815 936 894 hcet,
960 826 995 880 ut
1017 814 1166 882 Corinthi
1182 817 1240 895 ²⁰),
1264 815 1336 878 Ma-

275 922 322 998 rii,
346 917 478 1005 oppido,
491 920 651 984 Laconiae
669 921 732 1001 ²¹),
762 920 953 998 Mothonae‚
976 919 1054 984 urbe
1078 911 1260 984 Messeniae
1277 919 1336 996 ²²),

277 1032 308 1088 et
329 1025 363 1086 in
386 1022 596 1087 Derrhiatidis
620 1022 758 1108 denique
782 1021 861 1088 aede
884 1043 989 1108 prope
1012 1031 1144 1086 statuam
1161 1022 1221 1101 ²³).
1291 1027 1299 1047 '

751 1198 778 1282 s.
825 1201 856 1263 4.

363 1333 402 1395 11.
448 1313 640 1396 Fabularum
656 1332 861 1418 Ephesiorum
878 1333 937 1395 etsi
957 1351 1024 1396 non
1040 1329 1157 1396 multae
1175 1328 1216 1393 ad
1232 1331 1335 1416 ipsam
1450 1405 1451 1418 χ

275 1437 411 1506 Dianam
435 1444 595 1522 spectant,
624 1435 684 1498 hae
713 1443 818 1498 tamen
842 1455 953 1498 omnes
977 1455 1059 1512 eam,
1082 1455 1176 1519 quam
1198 1453 1261 1498 nos
1284 1456 1336 1498 su·
1415 1441 1417 1448 ‘

242 1585 246 1588 -
275 1561 333 1626 pra
355 1549 484 1604 nostrae
500 1539 591 1603 Deae
612 1540 778 1602 notionem
793 1538 890 1603 fuisse
906 1536 1046 1616 diximus,
1069 1537 1242 1603 admodum
1258 1557 1336 1602 con-

276 1645 410 1708 firmant.

363 1748 418 1812 Sic
441 1749 524 1810 enim
546 1749 579 1810 io
602 1744 723 1825 iontem
746 1745 851 1808 Diana
873 1753 983 1808 nostra
1005 1747 1138 1810 mutavit
1159 1744 1335 1829 nympham

276 1848 463 1934 Rhodopin,
488 1870 568 1934 quae
584 1851 684 1912 amori
698 1847 874 1912 indulserat
889 1848 915 1928 ¹)
934 1847 988 1928 (cl.
1010 1847 1039 1933 ἓ.
1055 1849 1085 1927 3,
1107 1869 1139 1911 n.
1156 1849 1222 1927 18),
1246 1857 1279 1912 et
1300 1851 1334 1911 in

276 1951 392 2030 fabula,
414 1972 495 2036 quae
519 1951 559 2015 de
583 1950 717 2015 Ae’done
741 1950 879 2034 Ephesia
903 1961 959 2029 est,
983 1971 1094 2016 omnes
1116 1954 1149 2015 in
1172 1971 1248 2014 aves
1271 1971 1335 2013 ma-

276 2057 365 2118 rinos
388 2057 557 2119 mutavisse
573 2063 717 2120 narratur
732 2054 774 2134 ²).
812 2053 849 2116 ln
865 2075 926 2139 qua
944 2057 1133 2134 narratione,
1157 2052 1333 2118 dummodo

276 2161 405 2224 numIna
422 2161 457 2223 in
476 2179 512 2223 ea
530 2167 651 2221 tantum
670 2154 825 2250 animalia,
849 2158 1006 2242 quaesibi
1027 2179 1115 2222 sacra
1132 2157 1260 2236 luerint,
1279 2158 1335 2221 ho·

277 2267 378 2328 mines
396 2262 638 2328 transformasse
661 2281 763 2347 ponas
779 2261 815 2341 ³),
838 2263 978 2326 marinos
994 2282 1069 2325 aves
1084 2261 1177 2324 Deae
1201 2270 1334 2324 nostrae

277 2388 384 2432 sacros
397 2367 494 2431 fuisse
504 2370 667 2453 ipsamque
679 2364 754 2428 ideo
767 2366 917 2428 marinam
930 2363 1071 2429 indolem
1086 2363 1236 2428 habuisse
1248 2363 1334 2428 haud

278 2469 373 2534 dubie
388 2479 532 2534 notatum
549 2478 605 2534 est.
651 2470 723 2532 Huc
738 2489 867 2554 quoque
889 2471 1037 2554 pertinet,
1059 2467 1146 2553 quod
1168 2469 1256 2554 regis
1270 2467 1334 2531 An-

278 2571 381 2634 droeli
402 2571 469 2634 filia
485 2574 518 2650 ⁴)
548 2593 618 2634 eum
645 2571 814 2655 juvenibus
844 2571 1003 2656 quondam
1027 2580 1059 2636 et
1080 2569 1196 2657 puellis
1219 2573 1254 2635 in
1277 2570 1334 2636 hu-

278 2672 361 2736 mida
385 2671 515 2756 Caystri
537 2671 669 2756 planitie
693 2683 725 2736 et
746 2675 779 2736 in
801 2676 899 2758 ipsius
921 2677 1015 2739 maris
1039 2695 1096 2739 ora
1110 2675 1235 2739 Dianae
1259 2675 1335 2738 oho-

350 2915 401 2984 17)
420 2923 489 2972 stat.
507 2922 588 2972 I'lreb.
607 2919 723 2989 1v‚6⁰;
747 2935 830 2986 quare
847 2923 1004 2994 Πειρηναῖος
1023 2922 1107 2984 πῶλος
1125 2927 1169 2976 est
1185 2937 1229 2988 ap.
1249 2925 1333 2976 Euri-

277 3007 330 3070 pia.
350 3009 453 3058 Electr.
472 3021 497 3058 v.
516 3006 577 3058 475.
666 3005 719 3071 18)
737 3009 835 3060 Pirene
856 3009 884 3060 ia
907 3013 1009 3064 fontem
1028 3026 1045 3063 a
1062 3011 1150 3062 Diana
1166 3015 1273 3063 mutata
1290 3016 1335 3063 est

278 3095 359 3146 Pauo.
377 3095 413 3161 11,
432 3091 459 3160 3,
477 3092 504 3144 3.
577 3087 629 3158 19)
647 3096 712 3144 Aah.
732 3098 792 3146 I'at.
810 3099 900 3162 Erott.
919 3095 1033 3164 vr11,3.
1104 3091 1157 3163 20)
1175 3099 1257 3148 Pana.
1275 3099 1296 3148 l.
1314 3099 1332 3148 1.

277 3175 331 3245 21)
349 3183 388 3232 lt.
406 3182 456 3248 111,
474 3178 520 3245 22,
538 3175 556 3230 8
575 3181 624 3231 slol
642 3181 669 3232 δὲ
687 3183 732 3232 καὶ
749 3186 774 3232 ἐν
788 3176 942 3252 Ἀρτέμιδος
961 3181 1019 3252 ἱερῷ
1034 3185 1123 3250 πηγαί.
1194 3179 1247 3246 22)
1266 3184 1332 3234 loia.

277 3267 326 3334 lv,
344 3264 389 3333 35,
408 3263 433 3317 8.
505 3261 558 3330 23)
576 3265 642 3316 laid.
660 3267 710 3334 Ill,
728 3265 773 3334 20,
793 3266 817 3318 7.
854 3267 962 3337 ᾼέρῤιον
976 3272 1043 3319 ἔνθα
1053 3262 1208 3338 Ἀρτέμιδος
1226 3262 1333 3338 ἄγαλμα

278 3354 303 3404 ἐν
321 3349 448 3420 ὑπαίθρῳ
463 3345 631 3421 Δερριάτιὸος
650 3353 694 3402 καὶ
713 3351 781 3419 πηγὴ
799 3347 863 3422 παρ’
884 3347 964 3420 αὐτῷ,
977 3341 1138 3420 ’ἣνἎνωνον
1154 3348 1322 3422 ὀνομάζουσι.

351 3449 384 3518 l)
401 3454 498 3504 achill.
522 3454 616 3504 ratim
634 3455 713 3522 VIII,
739 3455 773 3506 12
796 3456 828 3508 τὸ
852 3457 898 3524 τῆς
917 3457 987 3527 ἱερᾶς
1005 3456 1111 3527 Στυγὸς
1129 3455 1205 3530 ὕδωρ.
1241 3461 1332 3512 Etiam

278 3540 305 3588 in
324 3539 442 3589 Arcadia
459 3541 527 3588 haud
546 3541 641 3601 procul
659 3555 677 3590 a
694 3543 802 3594 Pheneo
821 3545 886 3593 urbe
906 3539 974 3614 ὕδωρ
991 3543 1096 3612 Στυγὸς
1118 3549 1161 3596 eat
1179 3539 1239 3610 (καὶ
1262 3542 1332 3617 ὕδωρ

278 3620 346 3674 uelud
369 3619 414 3673 τοῦ
433 3619 546 3694 κρημνοῦ
565 3621 669 3691 στάζει)
688 3629 724 3680 cf.
743 3631 823 3680 Paua.
842 3631 917 3698 VIII,
937 3628 979 3697 17,
992 3627 1018 3680 6.
1050 3627 1094 3697 18,
1107 3628 1133 3682 d.
1152 3634 1181 3682 et
1197 3632 1332 3696 Porphyr.

279 3709 312 3758 de
330 3711 409 3758 antro
427 3711 567 3771 nymphea
593 3723 617 3760 o.
641 3709 658 3762 6
683 3709 726 3778 (v.
751 3718 775 3765 11.
801 3713 919 3779 Goens).
1009 3711 1331 3780 2)anton1n.nuerar.

277 3807 350 3845 narr.
368 3795 415 3843 111.
434 3795 584 3846 Pandarum
602 3797 630 3846 in
649 3796 782 3851 ἁλιαίετον
807 3803 920 3853 mutavit
945 3803 1045 3870 Diana,
1070 3798 1217 3866 conjugem
1235 3801 1266 3852 in
1284 3797 1332 3853 cil-

278 3880 373 3941 nodva,-
391 3877 462 3932 filius
480 3882 552 3946 laod
575 3884 665 3934 Iactus
685 3890 730 3936 est
752 3891 781 3937 el·
803 3889 896 3938 Alition
919 3888 992 3957 παρὰ
1016 3885 1156 3956 ποταμοὺς
1176 3915 1205 3926 -
1228 3893 1332 3955 θρηνεῖ,

276 3961 312 4028 3)
330 3967 418 4016 Diana
434 3967 568 4017 Aroadloa
585 3967 612 4018 in
630 3981 731 4037 ursam,
751 3972 900 4022 Hecateia
919 3985 1012 4024 canem
1032 3975 1086 4024 κτλ.
1153 3968 1188 4037 4)
1207 3975 1331 4036 Etymol.

277 4051 520 4114 magn-auidas
539 4065 606 4104 1.·1.
620 4051 723 4114 Anteae.
760 4057 801 4106 lbi
820 4056 868 4107 τοῦ
887 4059 1012 4123 βασίλεως
1030 4061 1133 4110 tantum
1152 4058 1252 4110 dietum
1271 4064 1331 4122 est3

277 4137 325 4188 sed
343 4135 424 4188 alium
443 4141 552 4201 praeter
570 4141 734 4193 Androclum
752 4154 846 4207 regem
865 4156 918 4194 non
937 4145 1074 4196 nubemus.
