2866 4736
1119 221 1201 304 13'

107 401 240 490 quidem
262 403 421 470 Selinunti
442 427 501 492 per
516 407 649 493 Aegium
664 407 802 495 Achajae
816 411 969 496 oppidum
990 389 1166 480 transeunti

110 518 143 574 et
166 507 328 572 Selinunti
356 508 473 573 Elian.
487 509 528 574 ad
557 513 645 596 cujus
673 515 772 597 ripam
794 515 977 600 Xenophon
1007 519 1164 604 Ephesiae

106 611 235 708 Dianae
264 611 372 675 sanum
400 613 591 693 condiderit,
620 611 794 700 ὁμώνυμον
816 617 911 681 tradit
928 620 983 698 ¹⁶),
1010 622 1096 705 quod
1119 633 1164 687 ta-

105 737 181 780 men
205 735 272 778 non
287 717 332 778 ita
353 717 591 804 esturgendum
606 718 785 784 utflnvinm
799 741 867 784 non
884 721 997 786 eodem
1012 724 1110 789 modo
1126 748 1163 791 ec
1229 763 1230 769 κ

107 818 205 897 lacus,
227 817 434 884 Selenuntem
455 831 542 886 recte
565 843 635 886 esse
656 821 882 906 appellandum
908 839 1091 894 censeamus
1110 830 1162 909 ιθ).
1199 877 1204 894 .

106 923 178 996 Nisi
205 921 298 1006 velis!
316 921 448 988 alterurn
477 923 572 990 Plinii
593 924 797 990 Selenuntem
827 949 897 990 enm
923 932 1031 994 'rivum
1061 936 1164 997 existi·

109 1048 201 1104 mare,
224 1029 280 1110 qui
302 1029 377 1090 satis
400 1031 530 1115 exiguus
554 1031 666 1096 avico
697 1029 967 1100 Kirkindsche
998 1055 1015 1098 e
1041 1036 1160 1120 Pactya

110 1142 216 1195 monte
238 1130 281 1194 ad
303 1135 550 1216 septentrionem
572 1136 635 1198 vici
656 1132 788 1220 Ajaslnk
809 1137 843 1198 in
866 1157 1008 1221 campum
1031 1136 1162 1204 descen-

107 1234 154 1299 dit
175 1233 217 1298 od
232 1233 418 1318 Caystrum
441 1235 528 1321 quod
551 1240 612 1300 nisi
627 1236 739 1322 placet,
761 1247 870 1322 potest
891 1241 918 1302 is
937 1239 1065 1304 Marnas
1082 1263 1161 1322 esse,

105 1339 227 1424 Ephesi
248 1338 302 1402 vel
324 1338 438 1404 fluvius
456 1341 501 1419 ¹⁷)
524 1339 577 1405 vel
599 1341 672 1406 fons
690 1343 786 1422 ¹⁸)‚e
807 1343 941 1406 nummis
963 1343 1040 1408 solis
1056 1346 1162 1429 Ephe-

104 1445 183 1506 sinis
201 1441 294 1507 nobis
318 1447 465 1530 cognitus
488 1445 542 1524 (cf.
559 1467 625 1530 cap.
642 1445 694 1522 ΙΙΙ,
717 1445 929 1530 §.13.v11.).
975 1446 1046 1512 Alia
1060 1451 1161 1512 mino·

102 1569 174 1611 rum
195 1546 364 1612 fluviorum
386 1551 515 1624 nomina
536 1551 732 1636 ignorantur,
753 1560 879 1634 praeter
896 1549 1096 1631 Cenchrium,
1118 1552 1159 1620 de

105 1671 172 1736 quo
197 1649 333 1730 dixImns
357 1655 411 1738 qui
433 1653 603 1739 Ortygiam
630 1657 734 1716 vicum
760 1657 873 1717 transit
893 1675 996 1740 prope
1018 1665 1158 1720 montem

103 1753 291 1820 Solmissum
307 1757 393 1822 etad
409 1766 535 1842 portum
552 1749 712 1841 quondam
730 1757 897 1836 defluebat
915 1781 1001 1822 nunc
1016 1757 1056 1822 ad
1072 1758 1158 1842 Cay-

101 1870 200 1925 strum
219 1859 275 1942 ¹⁹).
311 1861 358 1924 Ut
380 1862 495 1940 fontes,
518 1882 650 1946 qnorum
672 1864 800 1926 nomina
822 1862 935 1926 tradita
958 1872 1039 1941 sunt,
1062 1861 1158 1926 adda·
1240 1888 1244 1892 ’

101 1987 178 2044 mus,
193 1965 381 2052 Hypelaens
397 1965 436 2030 ab
453 1967 618 2030 Athenaeo
635 1965 675 2029 ed
690 1943 817 2051 portum
833 1964 944 2030 defluit
958 1968 1002 2047 20)
1025 1973 1057 2030 et
1072 1989 1157 2031 nnnc

100 2072 183 2134 inter
203 2073 331 2154 junceta
356 2071 422 2154 ejus
444 2069 569 2155 paludis
585 2072 775 2155 conspicuus
799 2080 847 2134 est
862 2071 937 2149 21);·
948 2069 1098 2156 Calippia
1113 2072 1156 2150 ²²)

100 2175 132 2236 in
154 2173 241 2238 urbe
258 2197 277 2236 a
299 2172 403 2238 Plinio
433 2177 576 2258 ponitur,
606 2173 741 2238 fortasse
768 2177 795 2236 is
824 2183 872 2238 est
900 2177 954 2258 qni
981 2177 1015 2238 io
1037 2175 1156 2238 Priona

102 2287 208 2342 monte
230 2281 388 2362 reperitur
400 2278 465 2358 38);
488 2277 646 2354 Halitaea,
669 2279 752 2340 iuter
772 2299 823 2340 res
851 2281 983 2340 maxime
1008 2280 1042 2340 in
1064 2275 1155 2368 Ionia
1248 2355 1254 2362 Ι

102 2375 323 2446 memorabiles
346 2391 525 2446 enumerata
548 2402 566 2443 a
588 2381 744 2466 BausanIa
760 2381 814 2462 ²⁴),
839 2401 880 2444 an
902 2383 936 2444 in
958 2379 1042 2443 urbe·
1061 2378 1155 2442 fuerit

98 2486 279 2572 ignoratum
295 2485 379 2550 hunc
393 2486 514 2550 fontem
526 2487 634 2549 nescio
647 2507 707 2570 qua
720 2483 760 2549 de
770 2488 894 2560 ratione
905 2476 1098 2549 Arundellus
1110 2483 1153 2560 ²⁵)

99 2609 169 2653 eum
199 2589 297 2654 luisse
326 2599 469 2669 censeat,
496 2611 533 2655 ex
562 2611 626 2676 qno
649 2589 863 2676 aquaeductus
891 2590 954 2654 rici
983 2586 1153 2674 Ajasluk

97 2793 299 2803 ——m-

169 2922 221 2993 15)
241 2931 328 2980 'trah
347 2929 421 2996 VIII,
439 2943 466 2993 p.
484 2928 546 2982 387.
618 2925 668 2992 16)
688 2932 764 2994 Apud
781 2931 904 2992 Xenoph.
923 2929 1008 2979 Anah.
1026 2929 1061 2995 v,
1080 2925 1106 2977 3.
1125 2923 1152 2976 8.

98 3015 292 3066 conducebant
309 3016 445 3083 Σεληνοῦς,
464 3013 615 3083 Σελληνοῦς,
634 3015 768 3080 Σελινοῦς,
792 3029 950 3081 quamquam
972 3014 1009 3066 ibi
1031 3015 1041 3064 I
1058 3014 1152 3064 littera

96 3101 276 3163 praeferenda*
294 3106 351 3166 εει)
370 3099 499 3168 Σεληνοῦς
511 3116 554 3163 ap.
572 3103 650 3165 Diog.
665 3107 758 3153 Laert.
773 3104 809 3168 II,
822 3101 865 3150 52.
938 3095 989 3162 17)
1002 3099 1074 3164 „vir
1085 3098 1151 3145 bar-

95 3180 199 3238 hatns“
215 3188 339 3240 Miconet
356 3190 452 3240 Descr.
471 3189 495 3236 d.
514 3189 583 3236 med.
596 3191 651 3236 unt.
663 3189 712 3251 III,
732 3201 757 3236 n.
769 3183 830 3236 262.
843 3182 905 3236 288.
953 3193 959 3214 ·
978 3181 1028 3243 18)
1048 3183 1150 3231 Eckhel

93 3273 126 3322 D.
144 3274 180 3324 Ν.
198 3275 234 3341 11,
253 3289 280 3338 p.
298 3274 360 3326 622.
441 3269 493 3338 19)
512 3273 600 3324 ttrab.
623 3287 650 3336 p.
673 3271 733 3324 639.
758 3295 790 3306 -
814 3273 878 3322 Tae.
896 3273 966 3320 Anu.
984 3268 1033 3334 ΙΙΙ,
1052 3265 1095 3317 61.
1116 3293 1149 3304 -

93 3361 160 3410 Poe.
179 3375 206 3423 p.
225 3359 268 3412 70.
339 3357 392 3425 20)
412 3363 489 3422 Quod
513 3373 529 3410 e
551 3360 715 3422 comparatis
738 3358 809 3410 Iocis
831 3358 919 3410 strab.
941 3356 1016 3422 XIV,
1039 3369 1064 3416 p.
1088 3349 1148 3404 634.

92 3443 156 3498 640.
194 3445 341 3511 oreopnyr.
359 3450 425 3498 IIor.
443 3449 542 3510 Ephes.
560 3461 603 3509 ap.
621 3449 718 3498 Athen.
735 3447 809 3511 VIII,
828 3443 890 3496 361.
902 3445 1024 3506 apparet.
1095 3437 1150 3502 21)

93 3531 187 3584 61011.
211 3531 303 3585 Genii.
326 3533 354 3583 in
378 3535 477 3584 tabula.
497 3558 529 3568 -
549 3535 627 3597 Kiep.
698 3526 750 3596 22)
772 3532 820 3584 ‘Sic
843 3530 913 3582 enim
936 3531 1007 3592 apud
1026 3526 1093 3578 I’Iiu.
1113 3528 1187 3592 V‚.
1299 3595 1303 3602 Ι

90 3615 135 3668 31.
155 3631 206 3681 pro
225 3617 343 3682 callipio
365 3621 509 3684 legendum
532 3625 609 3672 recte
633 3619 741 3670 censuit
762 3616 891 3668 IIardnin.
915 3618 949 3666 ad
966 3617 985 3680 I.
1003 3617 1022 3666 I.
1041 3630 1067 3677 p.
1086 3611 1148 3664 279.

90 3702 144 3770 23)
165 3704 257 3757 Ghois.
280 3705 371 3760 Gouff.
428 3702 494 3771 ,24)
512 3707 579 3770 VII,
603 3705 629 3756 5.
653 3704 696 3756 lo.
741 3707 798 3756 IIos
820 3708 877 3756 tres
900 3701 1042 3753 sentenia
1065 3713 1147 3750 unrnn

91 3791 261 3844 confundere
283 3793 386 3844 frustra
408 3796 523 3844 conatur
546 3795 661 3844 salmas.
684 3794 727 3842 od.
746 3790 831 3842 lolio.
855 3805 881 3852 p.
900 3787 989 3838 5703.
1009 3786 1053 3849 qui
1071 3785 1146 3834 anIIo

87 3871 154 3939 jure
173 3891 223 3940 pro
240 3876 357 3942 omnpm
374 3871 704 3945 ,‚IIaIitaea“‘Iegendum
717 3881 811 3930 censet
823 3879 851 3928 et
863 3875 1015 3926 Helisaeum
1035 3873 1147 3922 eandem

89 3962 179 4014 fuisso
208 3960 326 4016 affirmat
350 3968 430 4030 utque
451 3966 633 4034 appetamur,
661 3961 809 4030 quonjam
831 3961 984 4016 narduinus
1005 3956 1145 4010 refricavit.

88 4045 141 4113 25)
161 4049 221 4100 Vis.
238 4064 266 4115 p.
282 4049 344 4102 320.
