2866 4736
1104 227 1243 296 19·

89 406 219 474 dinibus
242 406 564 492 suerit3necpoti11s
587 405 673 472 aliud
697 427 767 471 esse
788 416 920 492 propter
943 409 1065 472 vicinos
1083 406 1149 474 Co·

90 511 325 599 lophoniorum
347 509 439 574 fines.

182 612 469 702 Progredientibus
498 612 592 677 nohis
614 615 649 676 in
670 611 899 679 mediterranea
922 616 1021 699 prima
1045 635 1079 678 se
1092 616 1149 694 ,of-

88 720 154 784 fert
176 722 262 782 inter
283 717 378 782 urbes
401 717 611 802 Ephesiorum
630 716 831 802 Metropolis,
853 719 887 780 in
908 721 960 781 via
982 717 1148 803 Smyrnam

89 844 203 888 versus
228 821 268 884 ab
292 821 422 906 Epheso
446 831 571 886 eentum
601 829 633 884 et
661 822 773 907 viginti
801 819 901 900 stadia
930 820 1063 899 distans,
1093 821 1150 886 du·
1180 834 1184 840 '

90 936 185 991 centa
209 948 227 988 a
251 925 387 1009 Smyrna
405 926 453 1004 ¹⁷)
476 945 539 1008 quo
568 945 654 986 nuno
681 922 757 986 loco
781 945 882 1014 prope
904 927 992 988 vicos
1017 925 1148 991 Turhali
1255 985 1261 992 ,
1326 951 1332 960 ’

72 1027 303 1115 et‘Jenikoi,
331 1049 427 1114 super
454 1037 599 1115 stagnum
635 1025 722 1112 quod
753 1023 885 1092 diximus
913 1029 1089 1115 Pegaseum
1114 1032 1148 1094 iu

94 1131 178 1196 colle
202 1134 332 1224 antiqua
363 1134 489 1196 moenia
518 1139 640 1195 exstant
669 1133 750 1202 saxis
780 1130 940 1215 quadratis
968 1121 1151 1198 constructa

91 1235 240 1320 aliaeque
249 1237 424 1320 parietinae
440 1255 509 1297 cum
527 1234 667 1320 plurimis
690 1233 905 1298 columnarum
917 1233 1083 1300 ruderibus
1095 1237 1147 1318 ¹⁸).

92 1339 199 1426 Magis
216 1342 249 1402 in
265 1342 430 1416 orientem,
441 1337 592 1423 Caystrio
610 1358 720 1426 campo
733 1340 1009 1422 superimpositum
1025 1341 1059 1401 in
1072 1338 1147 1402 loeo
1254 1337 1258 1341 ’

91 1443 266 1506 fortissimo
290 1440 331 1505 ad
353 1439 476 1506 radices
492 1441 698 1528 Messogidos
723 1451 771 1504 est
793 1441 947 1527 oppidum
966 1442 1063 1506 Tireb
1081 1445 1148 1506 sive
1192 1425 1195 1440 ¹

91 1548 204 1630 Tyria,
226 1545 337 1609 mediis
353 1565 480 1630 quoque
495 1549 581 1608 aevis
603 1547 665 1630 jam
685 1547 785 1628 Tyria
803 1545 971 1630 appellata,
993 1545 1076 1610 haud
1093 1545 1148 1610 du·

91 1650 149 1712 bie
173 1649 328 1732 Ephesiae
351 1648 489 1726 ditionis
512 1671 606 1733 quum
623 1649 780 1733 Ephesios
802 1648 848 1710 ibi
871 1647 1028 1712 habitasse
1053 1671 1090 1712 ex
1111 1651 1148 1714 ti-

49 1841 52 1845 ·
91 1751 168 1817 tulis
191 1751 420 1838 sepulcralibus
443 1752 498 1817 ibi¹
517 1754 650 1837 repertis
680 1761 832 1836 appareat
848 1753 910 1832 ¹⁹),
939 1756 1032 1836 quem
1054 1756 1148 1816 situm

91 1855 250 1941 Caystro,
280 1854 544 1941 Caystriauorum
574 1853 696 1940 oppido
727 1853 837 1918 tribuit
865 1854 973 1919 Leahe
996 1856 1060 1935 ²⁰);
1090 1855 1147 1922 sed
1177 1889 1179 1893 r

91 1981 188 2046 quum
205 1958 337 2045 Caystri
360 1958 446 2022 urbis
469 1962 588 2023 mentio
612 1961 652 2021 sit
674 1956 761 2021 nulla
785 1957 871 2043 apud
887 1969 1043 2037 auctores,
1067 1981 1147 2024 eam-

91 2086 153 2149 que
177 2064 358 2148 Stephanus
380 2065 449 2126 sine
472 2061 584 2138 dubio,
614 2063 641 2123 si
665 2063 832 2138 extitisset,
865 2082 933 2125 non
966 2066 1147 2146 praetermi-
1174 2057 1176 2064 ’

92 2172 192 2246 sisset,
216 2165 296 2230 nihil
312 2165 424 2243 obstat,
442 2169 609 2250 quominus
624 2185 768 2226 nummos
783 2164 854 2228 ΚΑ
859 2163 925 2226 ΥΣ
930 2161 1153 2228 ΤΡΙΑΝΩΝ

94 2273 221 2334 nomine
245 2277 374 2333 notatos
399 2291 416 2332 a
434 2269 591 2336 communi
607 2265 799 2350 oppidorum
817 2269 849 2327 in
866 2265 1017 2348 Caystrio
1035 2285 1147 2350 campo

94 2377 223 2460 sitorum
248 2377 344 2437 coetu
365 2371 530 2458 profectos
554 2367 730 2445 credamus,
761 2389 797 2430 ac
821 2366 1012 2450 Muellerum
1028 2367 1076 2449 ²¹)
1100 2390 1149 2432 se-

93 2499 233 2562 quamur,
258 2479 311 2561 qui
328 2469 435 2538 Tireh=
448 2473 560 2538 urbem
583 2495 651 2538 eam
674 2472 771 2536 fuisse
793 2473 908 2549 statuit,
934 2493 1026 2556 quam
1041 2452 1172 2556 Etyms
1255 2507 1259 2516 ,

92 2581 136 2644 M.
166 2575 295 2666 Τύρῥιι,
320 2573 415 2653 πόλις
436 2578 569 2652 Λυδίας
599 2585 631 2639 et
659 2575 768 2660 Steph.
792 2576 871 2659 Byz.
907 2571 1024 2660 Τάρῥα
1052 2571 1148 2652 πόλις

90 2683 224 2758 Λυδίας
246 2679 416 2766 appellant,
439 2677 630 2764 metropolin
655 2678 775 2742 seilicet
792 2664 1007 2764 Pelasgorum,
1030 2683 1084 2764 qui
1107 2679 1146 2743 ab
1234 2673 1242 2690 ³

93 2809 128 2849 aa
145 2785 308 2872 Tyrrheni
330 2787 436 2847 vocati
459 2787 522 2847 sint
537 2783 596 2862 ²²),
618 2789 655 2844 ut
670 2781 828 2844 Torrhebi
850 2791 963 2866 postea
981 2779 1147 2866 Lydorum

91 2911 174 2974 pars,
197 2911 292 2974 quum
308 2885 394 2972 Lydi
409 2887 496 2951 urbis
514 2875 640 2964 nome'n,
663 2885 801 2950 tenuiori
815 2883 920 2948 vocali
942 2882 999 2962 usi,
1023 2885 1172 2949 Torrha·
1238 2883 1242 2892 ‘

167 3096 218 3165 17)
236 3101 326 3151 strab.
344 3101 419 3166 XIV,
437 3115 464 3162 p.
483 3096 559 3162 632.;
578 3099 660 3153 etiam
677 3099 850 3148 Ptolemaeus
867 3098 902 3160 V,
922 3096 949 3162 2,
966 3078 1163 3156 inter“pre-'

92 3201 151 3239 sum
171 3189 201 3236 et
219 3189 363 3248 smyrnam
387 3185 478 3251 ponit,
501 3184 541 3234 ita
563 3187 591 3233 et
613 3184 717 3233 Tabula
738 3179 965 3245 Psutingeriaua,
989 3191 1149 3242 quamquam

92 3273 202 3324 amissis
220 3273 333 3322 millium
352 3270 481 3321 numeris.
517 3268 586 3318 Ptin.
605 3270 640 3334 V,
657 3265 700 3317 31.
720 3264 866 3316 conventui
879 3261 998 3329 juridico
1011 3263 1148 3326 Epheslno

91 3373 151 3410 sam
171 3357 313 3408 adscribit:
341 3359 432 3419 steph.
453 3359 532 3418 Byz.:
558 3351 730 3422 Μητρόπολις
747 3345 822 3408 πόλις
839 3349 950 3407 Λυδίας.
986 3351 1103 3402 Exstant
1120 3353 1149 3404 et

92 3444 195 3495 nummi
209 3457 271 3494 enm
284 3440 403 3505 Caystro
421 3441 519 3505 flurio;
538 3442 572 3491 et.
586 3455 609 3491 a.
624 3441 673 3506 lll,
691 3433 714 3504 §.
729 3435 772 3503 13,
790 3436 891 3486 n.V11.
963 3431 1014 3500 18)
1027 3435 1149 3497 xtepert.
1169 3441 1172 3456 '

93 3531 251 3582 striekland
277 3543 321 3590 ap.
344 3531 422 3578 Ham.
440 3529 470 3594 1,
488 3543 515 3590 p.
532 3517 595 3578 '542
612 3527 714 3578 Arund.
733 3523 790 3574 Vis.
809 3535 836 3584 p.
848 3520 893 3572 22.
910 3521 955 3586 qui
973 3521 1056 3574 etiam
1070 3523 1149 3572 thea-

91 3622 162 3666 trum
181 3629 213 3666 se
238 3615 341 3664 vidisse
365 3611 491 3664 attlrmat.
528 3612 614 3662 Miror
635 3608 828 3661 Prokeaehium
853 3605 1076 3671 (arianarungen
1099 3619 1149 3656 ιιιιι

90 3703 151 3752 dem
165 3701 279 3768 ¹orient,
298 3701 362 3751 Vol.
379 3699 416 3766 11,
433 3713 466 3762 p..
480 3696 539 3748 146.
566 3693 642 3760 151.)
665 3695 708 3746 nil
730 3694 782 3744 nini
803 3693 956 3756 Byzantina
979 3695 1007 3742 et
1032 3691 1150 3742 Tareina

91 3790 193 3838 rudera
211 3787 250 3838 ibt
269 3787 380 3837 vidisse.
435 3797 438 3804 ’
470 3780 521 3849 19)
540 3781 660 3834 Ohishull
678 3784 746 3832 antt.
765 3779 852 3830 Asiat.
864 3781 900 3844 11,
919 3793 945 3840 p.
958 3774 984 3828 8.
1003 3791 1029 3826 n.
1044 3775 1086 3824 lo.
1104 3787 1148 3836 ap.

90 3872 211 3939 abacia,
230 3872 302 3924 (1.1.
321 3885 348 3922 n.
366 3865 446 3919 3⁰28.
517 3867 568 3930 20)
587 3869 680 3918 Leuke
697 3881 724 3928 p.
742 3863 805 3915 257.
823 3875 879 3916 rem
899 3858 1049 3926 eonjeeite
1068 3871 1149 3910 ιιιιιιι-

90 3959 143 4009 mis
161 3953 356 4028 Καῦστριιιωι
374 3953 475 4020 (nom.
493 3956 526 4004 ιι.
544 3955 577 4005 u.
596 3955 650 4020 ιιι,
674 3965 702 4014 p.
719 3947 791 4014 ιιι).
895 3942 950 4012 ιι)
972 3946 1105 3998 neuster
1125 3946 1148 4011 ι,

92 4057 118 4104 ιι.
142 4041 179 4096 80
201 4057 240 4094 ss.
318 4038 372 4106 12)
395 4039 438 4092 Gt.
461 4041 595 4092 Xanthum
618 4039 723 4101 Lydum
746 4049 791 4099 ap.
814 4033 929 4098 Dionys.
955 4031 1042 4082 Halia.
1066 4025 1149 4080 Areia.

898 4110 949 4178 2*
1169 4107 1179 4133 ¹
