2916 4722
272 318 343 392 138

270 513 329 582 tur,
351 525 519 588 numquam
534 512 639 566 tamen
655 505 804 587 capiatur,
827 499 884 564 scd
906 499 1071 586 paullatim
1093 509 1214 565 tautum
1236 522 1327 566 rece-

271 606 333 685 dat,
355 606 449 670 facile
471 605 666 693 intelligitur,
690 626 745 668 cur
765 604 928 682 Hercules,
952 607 1005 689 qui
1027 625 1138 668 omnes
1161 625 1233 682 eos,
1256 608 1327 691 qui-

270 709 400 774 buscum
422 711 590 796 pugnavit,
619 709 791 785 interiecit,
824 707 989 793 Cercopas
1018 718 1124 772 tamen
1145 708 1326 774 incolumes

271 813 425 877 dimisisse
454 812 584 886 dicatur.
623 807 683 860 --’
705 811 807 896 Quid,
837 811 924 898 quod
953 815 987 875 in
1014 811 1127 876 eodem
1156 815 1218 876 isto
1241 811 1326 892 solo,

270 920 347 980 mari
370 926 496 1002 erepto,
525 939 616 1002 quem
645 917 703 980 suh
727 915 852 1001 podicis
876 917 958 1002 nigri
979 915 1082 979 forma
1105 927 1326 1001 repraesenta-

270 1031 335 1084 tum
352 1023 538 1099 censuimus,
553 1021 663 1084 urbem
679 1021 803 1106 podicis
813 1020 990 1084 habeamus
1003 1022 1059 1100 55),
1075 1018 1197 1107 Pygela
1209 1041 1326 1106 nempe

270 1127 303 1188 iu
326 1145 382 1187 ora
406 1115 561 1210 Ephesia?

358 1228 657 1314 Acceditdenique,
680 1226 768 1313 quod
791 1225 924 1298 candem
954 1236 1057 1290 terrae
1079 1236 1223 1292 naturam
1251 1225 1326 1292 reli-

271 1335 324 1418 qui
347 1353 475 1418 quoque
497 1331 563 1396 loci
584 1331 749 1416 praebent,
770 1331 824 1395 ubi
841 1330 1005 1416 Cercopes
1020 1330 1180 1395 habitasse
1196 1353 1326 1396 narrau-

270 1446 328 1500 tur.
375 1435 476 1521 Quod
497 1439 531 1499 in
554 1434 795 1521 Thermopylis,
824 1434 878 1498 ubi
907 1433 986 1520 lapis
1017 1433 1261 1514 ostendebatur,
1290 1438 1326 1500 in

270 1561 334 1624 quo
364 1539 519 1606 Hercules
546 1537 712 1624 Cercopes
742 1541 841 1602 vinxit
856 1538 921 1616 55),
952 1537 1236 1602 manifestissimum
1261 1548 1324 1615 est;

269 1641 360 1707 locus
384 1647 468 1708 enim
490 1647 549 1708 iste
571 1645 650 1706 mari
668 1653 824 1728 tamquam
848 1651 975 1727 ereptus
998 1640 1131 1720 videtur,
1147 1645 1248 1721 victis,
1271 1645 1325 1727 qui

270 1756 364 1810 antea
385 1747 470 1810 hunc
497 1746 603 1812 locum
633 1756 841 1831 occuparant,
871 1744 971 1830 aquae
994 1755 1026 1808 et
1047 1747 1141 1808 maris
1163 1745 1326 1810 daemoni-

269 1849 339 1912 bus.
358 1883 396 1896 --
414 1851 519 1934 Magis
542 1851 664 1912 baereri
684 1852 786 1934 possit
807 1851 840 1912 iu
856 1848 1020 1912 Oechalia.
1066 1847 1218 1932 Quamvis
1239 1851 1326 1912 euim

270 1949 445 2036 Cercopes,
466 1962 502 2016 ut
519 1953 658 2036 Ephesii,
680 1951 797 2015 diserte
820 1972 946 2036 quoque
961 1951 1192 2021 Oechalieuses
1216 1951 1327 2039 appel-

178 2127 182 2136 ,
269 2052 449 2135 1011111155),
469 2077 624 2140 quaenam
646 2054 801 2120 Oechalia
823 2054 1033 2142 intelligenda
1055 2058 1104 2133 sit,
1126 2077 1327 2143 magnopere

271 2157 408 2222 dubitari
430 2167 545 2244 potest.
563 2153 789 2246 'Etymologia
806 2179 883 2222 sane
899 2163 989 2224 vocis
1002 2158 1140 2224 eandem
1157 2162 1325 2224 notionem

271 2266 427 2348 exprimit,
462 2266 580 2350 quippe
609 2285 690 2348 quae
718 2284 823 2326 mare
850 2263 1050 2347 recedens
1079 2262 1194 2348 procul
1222 2262 1324 2328 dubio

270 2365 418 2453 designet
433 2369 490 2448 55).
542 2370 621 2431 item
651 2389 702 2431 res
732 2366 957 2453 comprobatur
985 2365 1159 2432 Oechaliae
1188 2369 1253 2432 situ
1282 2366 1324 2432 ad

269 2467 372 2534 lacum
396 2469 583 2556 Copaidem,
606 2473 695 2557 cujus
719 2491 830 2555 aquam
855 2470 960 2534 modo<
977 2469 1201 2534 ascendentem
1223 2469 1324 2534 modo

269 2573 479 2652 recedentem,
502 2584 660 2658 perpetuo
690 2574 759 2638 fere
790 2597 860 2638 cum
890 2585 974 2638 terra
997 2575 1165 2639 certamine
1189 2595 1325 2660 occupa-

270 2685 333 2738 tam
354 2676 452 2739 fuisse
475 2679 598 2740 scimus.
644 2677 714 2740 Alia
744 2676 900 2742 Oechalia
930 2681 964 2742 in
986 2678 1148 2742 Messenia
1176 2679 1237 2740 sita
1266 2687 1323 2755 est,

271 2801 363 2862 quam
385 2763 512 2842 terram
524 2789 555 2842 et
576 2782 678 2864 ipsam
700 2779 794 2844 valde
810 2801 960 2864 aquosam
976 2804 1014 2845 ac
1035 2779 1207 2866 palustrem
1224 2779 1326 2844 fuisse

271 2891 403 2945 constat.
421 2917 460 2932 ·-
480 2881 545 2946 Sed
569 2881 609 2945 de
628 2881 802 2946 Oechaliae
819 2883 1030 2964 Thessalicae,
1051 2906 1135 2969 quae
1158 2885 1209 2946 hie
1230 2882 1325 2948 intel·

239 2971 246 2980 ’
269 2983 399 3072 liganda
421 2984 547 3050 videtur
564 2985 621 3065 55),
643 2989 706 3049 situ
727 3007 925 3072 nequaquam
947 2999 1080 3065 constat,
1108 2990 1169 3052 nisi
1191 2986 1323 3071 aliquod

257 3093 445 3156 ¹sententiae
461 3081 589 3154 nestrae
604 3089 819 3176 adjumentum
832 3091 908 3156 inde
923 3093 1048 3156 trahere
1065 3090 1155 3170 velis,
1168 3089 1266 3176 quod
1281 3089 1323 3154 ad

270 3191 502 3260 Cercetium
513 3205 653 3260 montem
670 3195 745 3259 urbs
763 3198 823 3260 sita
837 3196 941 3275 suerit,
964 3199 1094 3282 ejusque
1108 3185 1203 3282 reges
1226 3204 1324 3282 atque

268 3296 383 3362 heroas
405 3302 555 3364 marinam
578 3299 644 3364 lere
668 3320 778 3364 omnes
801 3309 943 3364 naturam
965 3321 1042 3388 prae
1065 3321 1101 3364 se
1124 3299 1227 3363 lerant
1243 3297 1303 3378 55).

339 3539 393 3608 55)
410 3548 434 3594 A
453 3543 521 3612 πυγή
538 3545 725 3611 lexicographi
742 3559 837 3598 omnes
855 3545 930 3597 urbia
947 3559 1045 3598 nomeu
1063 3546 1197 3598 derivant.
1268 3539 1324 3609 55)

269 3631 369 3680 lierod.
387 3631 449 3697 vil,
467 3629 528 3682 216.
564 3633 658 3683 hobak
675 3635 807 3696 Aglaopir.
826 3633 861 3698 li,
880 3647 906 3694 p.
928 3630 1006 3684 1298.
1099 3627 1153 3698 57)
1171 3632 1245 3684 Suid.
1264 3633 1283 3682 1.
1303 3633 1323 3682 1.

269 3719 341 3784 γένος
359 3717 386 3768 δὲ
404 3708 470 3782 ἦσαν
487 3714 632 3784 Οἰχαλιὴες.
668 3720 759 3769 selei.
783 3719 894 3768 [11101511.
912 3721 990 3772 Alex.
1007 3721 1056 3770 lv.
1091 3718 1230 3783 Οἰχαλιῆες
1249 3711 1323 3774 ὄντες

268 3807 347 3871 γένος.
419 3796 472 3867 58)
491 3805 531 3854 ab
551 3806 657 3870 οἴχομαι
676 3808 704 3854 et
722 3800 768 3862 ἅλς
785 3817 879 3854 vocem
894 3800 952 3868 jam
970 3804 1105 3856 derivavit
1122 3806 1239 3854 Mueller
1255 3804 1322 3852 lior.

268 3891 291 3956 1,
311 3888 454 3956 457,11.5.
510 3885 561 3951 59)
580 3891 672 3940 Muell.
692 3891 755 3940 Dor.
775 3891 797 3956 i,
816 3889 918 3941 11311.
972 3885 1025 3956 60)
1042 3893 1166 3954 Eurytus
1184 3883 1234 3952 (εὖ.
1248 3882 1323 3957 dio),

268 3975 370 4026 melion
389 3971 494 4042 (μολεῖν
512 3977 606 4026 eodem
629 3990 712 4027 seusu
729 3982 896 4042 risurpatum,
915 3990 967 4040 quo
991 3978 1099 4046 οἴχομαι
1115 3977 1144 4026 in
1162 3969 1323 4040 Oechalia),

270 4060 378 4122 Clytius
396 4055 542 4126 (utiliori).
582 4061 691 4112 Diodor.
711 4063 765 4128 iv,
784 4059 828 4114 37.
865 4064 956 4114 801101.
979 4065 1059 4132 soph.
1083 4065 1188 4114 Trauli.¹
1202 4059 1264 4113 268.
1284 4083 1322 4098 -

268 4147 330 4208 ipse
349 4149 469 4211 Eurytus
488 4147 636 4200 Meliouida
654 4151 705 4212 est,
724 4149 866 4210 Neptuni
885 4153 913 4198 et
932 4132 1068 4202 11011001ιὲ
1086 4145 1166 4200 lilim.
