2916 4722
762 539 789 622 §-
835 539 865 601 a.

374 678 427 742 Sic
454 678 552 764 igitur
581 677 727 761 primaria
750 673 841 737 Deae
870 681 998 736 nostrae
1028 679 1138 734 natura
1164 679 1261 754 atque
1284 690 1339 734 no-

286 787 375 848 tione
392 783 571 857 constituta,
592 781 655 864 jam
672 777 746 864 quid
763 776 905 842 advenae
922 775 1039 840 Graeci
1055 773 1224 853 attulerint,
1238 797 1339 860 quave

287 894 437 972 exparte
460 884 551 970 hujus
570 877 660 946 Deae
683 879 822 946 indolem
845 883 1037 945 immutarint
1058 877 1230 942 videamus.
1277 880 1341 943 Ne-

287 1012 348 1076 que
370 999 474 1053 tamen
496 985 627 1050 multum
650 988 753 1064 initia,
776 988 941 1071 quaejam
965 983 1200 1067 descripsimuS,
1223 981 1264 1044 ab
1289 981 1340 1045 ad-

286 1113 438 1157 venarum
467 1089 624 1177 religione
655 1088 863 1174 discrepuisse
894 1087 987 1150 facile
1016 1085 1218 1172 intelligitur,
1255 1085 1341 1150 dum-

286 1195 384 1260 modo
415 1197 484 1279 quis
512 1197 688 1271 maximam,
718 1203 753 1256 ut
782 1214 877 1277 supra
906 1189 1110 1276 probavimus
1143 1190 1341 1274 a.11,-§.2

287 1297 709 1385 Ephesiorumcolonorum
738 1305 859 1381 partem
882 1293 1022 1358 Arcades
1047 1292 1192 1356 olfecisse
1214 1303 1341 1378 reputa-

286 1407 375 1467 verit.
429 1401 480 1464 Ab
506 1402 553 1464 bis
578 1403 660 1464 enim
688 1399 877 1476 Arcadibus,
907 1401 1025 1482 quippe
1054 1397 1108 1479 qui
1137 1405 1168 1458 et
1197 1397 1261 1480 ipsi
1283 1397 1342 1460 Pe-

285 1506 368 1593 lasgi
391 1497 554 1582 luissent,
568 1526 672 1589 neque
694 1505 841 1568 universa
864 1501 1048 1588 Pelasgicae
1071 1498 1235 1585 religionis
1259 1504 1340 1564 ratio

199 1653 201 1658 .
286 1609 389 1673 aliena
406 1617 480 1685 erat,
502 1629 607 1692 neque
628 1606 796 1692 peculiaris
814 1604 976 1692 ejusmodi,
1001 1603 1123 1688 qualem
1139 1604 1226 1687 Upin
1243 1603 1340 1666 fuisse

285 1702 429 1789 vidimus
452 1713 544 1792 Deae
568 1710 669 1774 cultus
692 1710 754 1774 illis
777 1714 916 1798 ignotus·
976 1707 1099 1772 Contra
1122 1706 1236 1784 Diana,
1260 1729 1341 1792 quae

286 1838 404 1880 summa
429 1826 523 1900 atque
546 1817 694 1899 princeps
719 1815 784 1878 lere
808 1811 961 1876 Arcadiae
983 1812 1054 1874 Dea
1078 1818 1145 1872 erat
1163 1811 1212 1891 ¹),
1236 1832 1340 1896 neque

182 1931 185 1936 ’
287 1917 377 1983 ullibi
400 1927 450 1981 tot
471 1917 588 2002 templa
612 1927 643 1980 et
665 1939 753 1981 saera
777 1915 926 1993 babebat,
943 1923 1034 2010 (quot
1061 1917 1094 1976 in
1116 1914 1175 1976 bac
1197 1923 1282 1978 terra
1298 1915 1339 1994 ²),

286 2024 378 2086 utin
402 2023 582 2084 universum
612 2042 682 2083 cum
711 2020 846 2082 fontium
877 2028 909 2082 et
935 2020 1070 2080 amnium
1093 2017 1275 2081 numinibus
1298 2055 1339 2064 —

274 2126 441 2211 nymphas
465 2123 537 2188 dico
563 2161 603 2174 -
627 2122 862 2188 similitudinem
891 2121 1025 2208 praebet
1040 2121 1091 2200 ³),
1120 2141 1248 2205 semper
1275 2121 1341 2185 lere

287 2231 373 2294 etin
396 2226 531 2292 Arcadia
556 2238 587 2292 et
608 2231 641 2291 in
657 2227 887 2313 Peloponneso
904 2226 1077 2288 arctissimo
1102 2221 1242 2308 quodam
1258 2245 1342 2288 nexu

226 2338 229 2348 “
286 2355 355 2396 oum
384 2331 532 2412 lacubus,
555 2332 712 2410 lontibuS,
742 2331 923 2395 fluminibus
953 2333 1121 2413 conjuncta
1143 2331 1342 2412 apparet⁴);

285 2439 328 2498 ita
351 2447 386 2499 nt
410 2440 502 2500 etiam
524 2437 584 2499 hac
605 2438 643 2499 in‘
661 2437 733 2500 Dea
756 2437 970 2520 conjunctam,
999 2431 1040 2496 de
1063 2453 1124 2516 qua
1146 2453 1242 2516 supra
1266 2430 1342 2495 dixi-

286 2559 363 2614 mus,
387 2559 487 2622 aquae
512 2548 543 2602 et
565 2548 668 2602 terrae
691 2541 753 2602 vim
777 2558 973 2624 cognoscere
989 2535 1092 2598 liceat.
1125 2533 1237 2619 0Quod
1261 2556 1341 2621 quae

168 2663 175 2672 ·
286 2637 427 2724 probent
448 2643 612 2702 notissima
634 2642 725 2704 Deae
748 2644 949 2726 cognomina,
972 2661 1008 2702 ea
1032 2639 1147 2703 allerre
1169 2637 1303 2722 juvabit.

376 2741 553 2806 Amnium
587 2745 684 2829 igitur
713 2741 987 2837 fluminumque
1015 2743 1087 2806 Dea
1114 2742 1219 2806 Diana
1256 2741 1340 2806 cole-

288 2845 382 2909 batur
404 2846 598 2924 Potamia,
625 2844 666 2908 ad
689 2843 824 2910 Cladum
850 2854 881 2910 et
903 2844 1061 2930 Alpheum
1078 2849 1125 2928 ⁵),
1148 2846 1340 2910 Imbrasia

286 3005 369 3012 m-
372 3006 488 3013 ,Μ

360 3073 395 3143 l)
413 3080 507 3130 Muell.
525 3079 591 3130 Dor.
609 3080 632 3146 1,
650 3093 676 3142 p.
694 3075 757 3128 372.
793 3081 865 3148 „sie
883 3081 920 3132 ist
941 3080 1000 3131 hier
1016 3079 1276 3146 Nationalgottheit,
1298 3078 1341 3130 die

287 3188 324 3203 -
342 3165 396 3216 seit
414 3169 484 3218 alter
502 3166 567 3217 Zeit
590 3168 644 3216 und
666 3179 719 3216 von
742 3167 814 3217 allen
834 3169 971 3219 statumen
995 3171 1043 3234 des
1061 3169 1148 3217 Volks
1170 3167 1269 3231 geehrt
1287 3167 1342 3214 und

287 3253 328 3303 al·
347 3253 464 3304 Kallisto
489 3255 576 3304 selbst
599 3255 650 3304 den
670 3255 955 3318 Stammgeneatogien
979 3255 1157 3319 eingetragen
1175 3255 1229 3302 und
1247 3253 1340 3302 Toch-

287 3342 332 3398 ter
348 3342 396 3390 des
414 3341 539 3406 Lykaon,
558 3341 583 3388 d.
602 3341 627 3388 n.
647 3341 695 3388 des
713 3339 875 3401 lykrttsenen
891 3340 1014 3402 Jupiters
1031 3342 1086 3390 und
1098 3343 1200 3390 Mutter
1218 3341 1267 3389 das
1284 3341 1340 3388 Ar-

286 3424 346 3488 kar,
365 3427 390 3473 d.
409 3427 434 3474 n.
454 3428 501 3474 de·
520 3425 634 3490 Volkes,
653 3428 774 3488 genennt
792 3417 916 3475 umrde“.
997 3425 1032 3489 2)
1050 3427 1130 3476 Paris.
1149 3425 1224 3490 vill,
1248 3423 1276 3489 5,
1295 3421 1339 3472 11.

288 3505 1339 3576 12—6,6-12,5-13,n-14,5-15,o-18,8-nn,

288 3583 1072 3662 7—23,1-23,3.4-23,6*-3o,7-30,
1098 3593 1340 3661 10-31,1-

287 3665 1340 3748 as,‹1-35,a-35,7-35,8-aa',a-ar,1-ae,a-

287 3763 332 3830 41,
350 3765 367 3815 5
385 3787 420 3798 -
439 3761 483 3829 53,
504 3761 534 3812 ll
556 3769 621 3816 cett.
699 3761 734 3830 3)
752 3768 795 3816 lta
812 3769 843 3816 ut
861 3779 877 3816 a
897 3766 1021 3830 nymphis
1038 3769 1113 3818 Deae
1131 3767 1270 3819 notionem
1289 3768 1340 3816 de-

277 3853 388 3907 ,dueere
406 3854 520 3902 conatus
539 3849 576 3900 sit
594 3850 775 3902 Mitsctrerlielr
793 3854 819 3902 d.
836 3851 925 3903 Diana
941 3853 1042 3915 nospit.
1063 3855 1137 3904 Gott.
1157 3849 1227 3904 1828
1249 3847 1340 3916 (quem

287 3936 382 3986 librum
401 3937 476 3986 adlre
494 3949 548 3986 non
566 3932 669 4002 licuit).
690 3963 721 3975 ——
742 3936 782 3988 Gt.
806 3939 900 3988 Muell.
918 3941 937 3989 l.
956 3941 975 3989 l.
993 3954 1020 4002 p.
1037 3936 1099 3990 374.
1189 3933 1225 4002 4)
1244 3939 1340 3988 Muell.

288 4024 306 4072 1.
325 4024 343 4084 Ι,
374 4024 454 4089 „vor
472 4024 552 4072 allem
577 4026 649 4074 steht
674 4023 749 4074 diese
773 4025 1055 4088 altpeloponnesiselre
1074 4023 1168 4076 Gottin
1185 4023 1223 4074 lm
1241 4023 1340 4075 innern

289 4104 400 4159 Gonnex
417 4105 466 4159 mit
484 4110 564 4177 seen,
584 4110 709 4178 Quellen,
729 4103 867 4162 Flisseu“
888 4115 954 4164 cett.
1026 4106 1059 4177 5)
1079 4110 1167 4162 strab·
1186 4111 1221 4176 V,
1244 4107 1286 4161 15.
