2866 4736
263 309 299 376 a

276 489 315 554 ad
336 488 535 554 occidentem
557 497 591 552 et
611 486 828 552 meridianas
850 485 1045 550 Athenaeum
1066 476 1111 548 τὰ
1132 483 1185 548 ἐπὶ
1198 483 1332 570 Κορησ-

275 588 336 658 σὸν
351 595 398 672 ²).
449 591 576 676 Quibus
599 591 679 656 loeis
702 593 801 656 auctis
823 591 944 654 interea
966 589 1101 673 Smyrna
1123 591 1196 652 vioo
1218 587 1280 668 (ei.
1305 609 1332 654 c.

274 699 312 775 ll,
335 697 362 781 §.
387 699 437 774 3.)
467 698 549 760 eirca
578 695 692 761 Croesi
721 703 854 758 aetatem
884 692 924 757 ad
953 691 1114 779 planitiem
1144 689 1332 756 descensum

275 812 330 878 est,
353 803 385 884 in
409 822 469 884 qua
491 809 604 885 postea
627 798 776 884 templum
797 808 865 861 erat
878 798 922 876 8).
967 796 1015 862 Ihi
1030 781 1210 860 habitarunt
1226 795 1333 881 Ephe·

274 908 321 982 sii,
345 904 450 968 donec
470 904 675 987 Lysimachus
700 905 780 966 circa
799 903 947 966 Priouem
970 900 1079 964 urbem
1103 899 1283 964 aedificavit
1299 902 1332 979 ⁴)

128 1025 133 1034 ‘
238 1069 241 1075 ,
275 1019 414 1092 eamque,
437 1006 567 1092 adjectis
584 1007 726 1070 Trachea
750 1015 781 1068 et
803 1005 947 1106 Smyrna,
972 1003 1139 1072 moenibus
1162 1001 1334 1068 circumde-

275 1111 321 1176 dit
338 1113 386 1190 ⁶),
409 1133 504 1196 qnae,
533 1134 627 1196 quum
657 1131 808 1174 summum
833 1107 964 1173 Curessi
992 1110 1101 1198 jugum
1129 1117 1334 1192 occuparent,

175 1225 184 1244 ·
276 1224 308 1278 et
335 1218 496 1278 maximam
524 1216 678 1278 Athenaei
709 1223 830 1298 partem
859 1211 898 1276 ab
928 1211 1009 1276 urbe
1040 1221 1226 1297 separarunt
1243 1211 1277 1290 ⁶)
1301 1222 1335 1275 et

273 1312 315 1382 eol
339 1299 596 1404 ὲπῗΚορησσόν,
619 1339 700 1402 quae
724 1317 764 1382 ad
787 1315 947 1380 meridiem
971 1314 1167 1401 spectabant.
1214 1316 1261 1378 Ex
1284 1315 1336 1380 his

274 1421 391 1486 deinde
413 1432 520 1486 natum
544 1419 730 1506 oppidulum
751 1405 910 1506 quoddam
934 1430 982 1482 est
998 1417 1155 1484 Coressus
1171 1419 1214 1500 ⁷),
1237 1417 1348 1503 quod,-

274 1524 349 1588 licet
364 1536 519 1609 tamquam
534 1528 622 1588 vicus
639 1525 672 1611 ¹⁸)
695 1524 735 1587 ad
752 1524 862 1588 urbem
876 1525 1071 1609 pertinuerit,
1094 1520 1211 1586 diserte
1227 1531 1336 1588 tamen

275 1627 404 1713 abipsa
429 1628 558 1713 Epheso
583 1627 786 1716 distinguitur
802 1629 851 1707 9).

364 1733 506 1795 Trachea
531 1741 648 1810 autem,
678 1731 732 1794 diu
755 1734 884 1796 nomine
907 1737 1048 1806 servato,
1076 1726 1239 1813 paullatim
1263 1751 1335 1793 cum

274 1835 411 1919 Smyrna
439 1837 526 1910 vieo,
555 1838 609 1918 qui
636 1839 720 1898 inter
755 1837 836 1926 hano
864 1841 983 1918 partem
1013 1841 1045 1896 et
1073 1833 1222 1910 Prionem
1255 1836 1335 1896 situs

275 1949 343 2002 erat
360 1939 421 2017 ¹⁰),
455 1945 589 2022 propter
616 1940 807 2000 vicinitatem
837 1934 993 2016 coaluisse
1022 1921 1149 2000 ridetur
1172 1946 1337 2021 ,totusque

273 2051 391 2103 nactus
414 2038 469 2102 ille
490 2043 573 2103 inter
588 2039 761 2105 Coressum
786 2049 818 2104 et
831 2041 981 2103 Prionem
999 2059 1064 2104 uuo
1082 2039 1238 2124 Smyrnae
1255 2043 1336 2106 Tra-

275 2144 372 2224 ehea'e
395 2144 524 2205 nomine
548 2143 794 2228 comprehensus
818 2164 887 2206 esse
906 2143 965 2219 ¹²).
1112 2135 1121 2142 ’

302 2261 310 2282 ·
363 2247 539 2339 Antequam
561 2268 639 2309 vero
663 2245 703 2310 ad
719 2257 859 2311 caeteras
875 2246 961 2311 urbis
979 2255 1086 2331 partes
1110 2243 1335 2312 describendas

227 2393 232 2400 -
275 2347 473 2428 accedamus,
500 2351 532 2411 in
556 2353 736 2414 universum
759 2349 933 2414 notandum
958 2360 1021 2428 est,
1044 2371 1189 2436 magnam
1213 2351 1334 2436 Ephesi

274 2441 437 2518 numinum
454 2451 684 2516 multitudinem
708 2457 757 2541 vix
776 2453 867 2518 aliter
891 2453 1038 2539 explicari
1061 2475 1166 2540 posse,
1190 2477 1282 2542 qnam
1298 2465 1336 2520 ut

276 2566 330 2620 aut
351 2554 476 2642 singula
499 2557 627 2620 nomina
645 2555 777 2642 singulis
795 2561 872 2622 vicis
888 2557 1060 2624 tribuamus
1079 2557 1136 2638 ¹²),
1158 2568 1220 2638 aut,
1233 2558 1334 2646 quod

274 2732 473 2743 -.-....-.

345 2839 379 2905 2)
399 2842 569 2906 Creophylus
590 2844 632 2894 sio
655 2843 797 2908 distinguit
820 2857 863 2907 ap.
887 2847 983 2898 Athen.
1008 2847 1089 2913 vili,
1113 2843 1191 2912 361,
1216 2859 1242 2897 o.
1261 2849 1286 2896 d.
1306 2859 1333 2898 e.

275 2927 397 2988 κτίζουσι
411 2930 537 2996 Τρηχεῖαν
560 2931 604 2979 καὶ
626 2929 660 2980 τὰ
684 2931 728 2981 επὶ
751 2919 888 2999 Κορῄσσὸν
900 2932 961 2982 ·κτλ.
1041 2927 1076 2992 3)
1095 2933 1183 2982 Ιιιιιὴ.
1201 2933 1220 2981 l.
1238 2935 1258 2982 1.
1277 2925 1334 2983 ded

274 3011 321 3078 τῆς
342 3017 490 3088 παρωριὶας
507 3011 670 3080 καταβάντες
687 3015 747 3084 περὶ
764 3014 796 3066 τὸ
814 3014 867 3066 νῦν
886 3015 955 3086 ἱερὸν
967 3010 1076 3083 ᾤκησαν.
1147 3013 1183 3081 4)
1201 3015 1217 3084 ἡ
1237 3019 1264 3068 dt
1283 3015 1335 3069 πό-

274 3093 310 3156 λιξ
322 3102 348 3149 ir
365 3101 441 3166 κοίλῳ
458 3099 530 3166 τόπῳ
543 3105 738 3159 κατοικιςθιῖσα
754 3099 879 3170 propulsor
897 3101 1063 3170 κατικλύσθη
1081 3105 1125 3154 καὶ
1142 3106 1243 3172 μυρίων
1261 3121 1333 3154 urto-
1374 3131 1378 3136 ·

275 3183 411 3237 θανόντων
430 3187 585 3256 Λυσίμαχος
603 3180 650 3254 τήν
669 3183 743 3238 πόλιν
763 3179 905 3257 μετέθηκεν
931 3193 997 3242 ludo
1015 3187 1072 3240 sim.
1110 3189 1201 3248 steph.
1218 3189 1333 3246 Bym-

274 3285 299 3321 v.
318 3264 460 3339 „npnes.“
479 3275 568 3324 snas.
585 3275 660 3340 xiv,
679 3288 706 3336 p.
725 3271 786 3324 640.
805 3277 840 3326 er.
860 3291 883 3327 a.
899 3279 935 3343 rr,
955 3272 979 3340 §.
992 3273 1018 3326 8.
1057 3331 1059 3334 ,
1090 3270 1124 3334 5)
1143 3274 1262 3330 Quorum
1280 3285 1331 3324 ru·

275 3359 341 3408 dero
359 3371 438 3421 quum
457 3359 543 3408 adhue
562 3359 713 3424 supersint,
739 3373 773 3410 ex
797 3361 960 3422 comparatis
982 3359 1112 3422 omnium,
1137 3355 1181 3420 qui
1200 3369 1234 3407 ea
1252 3357 1331 3411 vide-

274 3447 347 3508 runt,
365 3442 591 3503 descriptionibus
610 3447 639 3494 et
656 3445 778 3506 Kieperti
800 3446 982 3502 delineatione
1006 3442 1149 3493 oireuitum
1172 3443 1247 3492 urbis
1270 3445 1332 3496 dedi

274 3527 302 3578 ln
320 3530 373 3578 iah.
392 3528 427 3577 ll.
498 3523 533 3592 6)
552 3531 622 3580 unde
643 3528 674 3581 τὸ
690 3525 838 3598 Ἀθήναιον
861 3530 893 3582 τὸ
915 3527 959 3580 νῦν
981 3531 1025 3585 ἕξω
1049 3525 1096 3594 τῆς
1119 3527 1216 3586 πόλεως
1240 3523 1269 3579 ὅν
1287 3545 1331 3594 ap.

275 3615 363 3666 Strab-
382 3615 400 3662 l.
419 3614 439 3662 i.
498 3609 530 3674 7)
554 3617 646 3678 steph.
663 3619 731 3680 ssya.
750 3615 886 3685 Κορησσός
904 3614 979 3674 πόλις
995 3612 1042 3680 τῆς
1057 3607 1194 3682 Ἐφεσίας)
1210 3617 1332 3668 fortitude

274 3702 370 3750 eodem
383 3699 543 3750 referendus
561 3707 605 3752 est
622 3705 700 3755 loeus
718 3703 775 3770 ille,
794 3715 872 3767 quem
890 3714 973 3764 supra
989 3702 1168 3770 laudavimus,
1188 3704 1331 3769 Herodoti,

275 3783 579 3852 v,li10.,eumlones
602 3791 639 3839 ad
664 3789 841 3840 Carassura
865 3787 1031 3849 upnesias
1053 3789 1167 3840 naritus
1190 3783 1329 3853 adpulisse

274 3870 364 3922 tradit.
437 3866 471 3934 8)
496 3872 531 3920 of.
556 3869 697 3942 specimus
724 3877 794 3937 apud
816 3874 972 3926 Philostrat.
995 3876 1063 3926 Vitt.
1086 3878 1167 3938 soph.
1191 3877 1226 3926 ll.
1251 3877 1328 3926 Da'm.

274 3951 308 4020 9)
327 3957 407 4008 Pons.
426 3959 461 4021 V,
483 3953 528 4006 24.
551 3955 577 4007 8.
655 3957 704 4023 10)
724 3961 811 4011 strab.
836 3974 862 4022 p.
884 3957 946 4011 634.
1018 3958 1068 4026 ll)
1090 3962 1159 4012 Plio.
1178 3963 1213 4028 V,
1231 3959 1276 4011 31.
1297 3985 1331 3998 -

275 4037 392 4105 smyrna
410 4042 570 4108 cognomine
588 4047 718 4106 Trachea.
796 4042 848 4107 12)
872 4040 949 4108 Quod
973 4049 1050 4098 multi
1072 4060 1138 4098 sane
1156 4047 1281 4098 viderunt
1300 4049 1332 4098 ut

274 4129 416 4198 Trahuldre
435 4131 581 4191 odmelam
599 4131 623 4198 1,
643 4129 683 4182 17.
697 4131 724 4184 2.
742 4133 874 4202 „filerunt
891 4135 958 4184 haee
977 4135 1035 4185 iere
1053 4133 1127 4186 urhis
1144 4133 1262 4198 partium
1277 4146 1331 4186 no-
