2866 4736
1147 341 1171 410 9

109 527 150 590 In
172 543 265 588 muro
289 521 436 588 orientali
459 519 540 587 duae
562 531 675 608 portae
699 533 801 600 erant,
825 505 924 586 altera
946 521 1171 602 meridionalis,
1226 555 1231 560 ·

111 651 174 715 qua
197 628 397 714 Magnesiam
412 628 469 708 ³⁵),
492 626 604 705 altera,
637 649 698 712 qua
720 625 836 690 Sardes
866 636 897 690 et
922 627 1089 712 Smyrnam
1119 630 1170 691 via

96 741 183 806 erat
204 732 262 810 ³⁰),
291 733 383 816 cujus
408 732 621 816 pavimentum
650 733 743 794 etiam
771 733 964 794 recentiores
987 731 1046 794 sub
1080 729 1168 794 clivis

111 834 249 902 Gallesii
265 833 553 902 animadverterunt
568 835 615 912 87)
640 833 727 897 etad
743 833 901 920 templum,
925 854 1059 918 quocum
1076 843 1169 918 porta

111 942 172 1004 ista
195 937 428 1002 recentioribus
444 937 638 1022 temporibus
661 947 731 1000 stoa
754 936 887 1021 quadam
910 939 1080 1022 conjuncta
1104 945 1170 1000 crat

113 1041 172 1121 (cl.
198 1063 223 1104 c.
241 1041 298 1118 IV,
313 1041 351 1118 ll,
374 1041 401 1124 §.
420 1043 479 1120 1.).
525 1041 572 1103 Ex
594 1041 653 1104 hac
674 1061 752 1104 vero
775 1048 900 1124 praeter
918 1061 985 1103 eam
1002 1061 1083 1124 quae
1098 1039 1169 1103 Sar·
1211 1072 1219 1085 κ

41 1133 44 1140 “
116 1142 170 1208 des
192 1154 224 1208 et
239 1143 406 1228 Smyrnam
429 1143 559 1220 ferebat
581 1143 642 1207 alia
659 1147 709 1207 via
726 1146 808 1220 exiit,
831 1163 919 1226 quae,
942 1165 1036 1227 quum
1053 1145 1086 1206 in
1101 1143 1169 1206 Ma-

111 1249 271 1334 gneticam
294 1250 376 1310 viam
398 1245 508 1331 paullo
532 1247 613 1310 iufra
629 1257 752 1332 pprtam
770 1247 984 1332 Magneticam
1005 1245 1168 1326 incideret,

108 1344 259 1415 κάθοδοι
285 1351 501 1433 Μαγνητικαὶ
530 1349 749 1436 appellabatur
769 1351 827 1430 38).
879 1349 998 1413 Ultima
1032 1350 1169 1434 denique
1279 1391 1282 1398 -
1334 1339 1337 1347 Δ

110 1473 206 1537 quam
229 1457 374 1518 novimus
405 1453 445 1516 ad
475 1459 723 1538 septentrionem
753 1453 906 1540 vergebat
936 1463 968 1518 et
996 1452 1167 1538 planitiem,

109 1578 175 1644 qua
204 1559 256 1622 via
286 1567 352 1621 erat
381 1554 605 1640 Colophonem
634 1557 909 1644 proficiscentibus
942 1577 1046 1642 prope
1074 1561 1168 1622 maris

111 1660 280 1740 oram³⁹).
1047 1663 1049 1666 ’
1094 1737 1099 1748 ¹

203 1763 315 1826 Restat
335 1773 371 1828 ut
393 1762 433 1827 de
456 1773 552 1849 portu
576 1764 739 1854 Ephesino
763 1763 909 1843 dicamus,
935 1763 1028 1849 quem
1050 1784 1168 1849 perop-

108 1874 284 1952 portunum
308 1867 404 1932 luisse
426 1869 486 1954 ipsi
502 1877 626 1932 veteres
642 1868 801 1932 affirmant
816 1871 872 1949 ⁴⁰).
918 1869 995 1932 Duo
1010 1867 1064 1932 ille
1080 1861 1167 1932 s'inus

110 1969 296 2056 complexus
319 1981 367 2034 est
382 1973 438 2050 ⁴¹),
462 1992 593 2056 quorum
618 1971 710 2050 alter,
734 1971 775 2034 ad
798 1971 996 2036 occidentem
1019 1973 1106 2036 urbis
1128 1975 1177 2036 si-·
1273 2003 1277 2011 =
1372 1962 1377 1976 '

109 2083 170 2152 tus,
194 2095 286 2159 quem
309 2084 435 2159 portum
459 2074 620 2160 appellare
643 2075 737 2140 liceat
759 2077 949 2154 inferiorem,
972 2078 1071 2166 ipsius¹
1090 2097 1167 2140 orae

108 2179 182 2240 sinu
211 2177 346 2242 eliectus
368 2179 542 2243 Panormus
571 2171 734 2258 audiebat,
763 2201 855 2265 quem
880 2179 997 2243 Strabo
1014 2181 1061 2259 42)
1084 2182 1167 2242 inter

108 2279 232 2373 Pygela
257 2279 409 2366 oppidum
433 2292 465 2346 et
487 2283 647 2366 Ephesum
677 2285 771 2367 ponit
800 2305 869 2345 cum
899 2280 1018 2366 templo
1042 2263 1167 2344 Dianae
1219 2293 1224 2304 '

113 2381 352 2461 (eodemhaud
375 2384 485 2464 dubie,
515 2384 601 2470 quod
625 2386 783 2472 Ortygiae
811 2385 908 2449 fuisse
937 2395 1050 2469 postea
1073 2405 1168 2469 appa-

100 2486 225 2567 -rehit);
249 2486 331 2552 alter
352 2470 580 2573 autemsquem
602 2487 735 2566 Attalus,
756 2510 811 2552 rer
826 2488 1039 2574 Pergamenus
1061 2488 1120 2569 (ci.
1139 2511 1165 2552 c.

106 2591 147 2670 11,
170 2591 197 2676 9.
221 2595 273 2671 9.)
295 2593 418 2678 magnis
437 2590 583 2670 molibus,
606 2613 735 2676 quarum
751 2591 866 2656 rudera
881 2591 922 2654 ad
937 2595 1020 2678 ripas
1036 2591 1167 2678 Caystri

107 2693 268 2758 hodierno
284 2695 400 2766 ·adhuc
431 2694 482 2759 die
511 2699 749 2782 conspiciuntur
764 2697 821 2775 ⁴³),
843 2699 1009 2760 restituere
1033 2706 1165 2761 conatus
1263 2721 1266 2733 ·

108 2805 159 2862 est
174 2799 232 2878 ⁴⁴),
254 2797 295 2862 ad
317 2801 566 2884 septentrionem
588 2803 666 2862 situs
690 2809 722 2863 et
745 2800 783 2864 ab
806 2804 905 2886 ipsius
929 2798 1059 2884 Caystri
1081 2803 1165 2864 ostio

108 2901 244 2966 ellectus
267 2911 334 2968 erat
349 2903 397 2978 ⁴⁵)
422 2911 453 2966 et
467 2904 592 2967 Dianae
615 2909 704 2989 eujus
726 2904 862 2989 templus
886 2903 1045 2990 quondam
1069 2902 1167 2968 allue-

30 3041 33 3048 =
108 3015 161 3070 rat
175 3007 232 3086 46),
254 3028 343 3070 sacer
364 3005 540 3072 habebatur
554 3009 614 3102 P).
656 3006 764 3072 Hodie
778 3019 884 3074 autem
905 3012 939 3072 in
961 3029 1165 3094 permagnam

111 3186 311 3200 ..ἠ-ιιι..-

1 3347 2 3363 .
179 3303 233 3372 35)
251 3307 330 3361 πύλαι
343 3309 514 3378 Μαγνητίδες
530 3308 611 3358 Puus.
628 3308 695 3374 vll,
712 3305 739 3356 2.
758 3302 784 3356 9.
802 3328 836 3342 ·--
855 3307 944 3359 Strub.
962 3307 1036 3372 xlv,
1055 3319 1081 3368 p.
1100 3303 1176 3370 647.

105 3395 143 3447 cf.
163 3392 389 3462 c.,lv‚11‚§.3.
469 3389 524 3458 36)
547 3395 637 3445 strab.
659 3408 685 3456 p.
708 3390 769 3444 632.
846 3389 898 3458 37)
924 3392 1051 3444 choiseul
1076 3393 1165 3444 Goul-

59 3477 168 3547 .fier,
187 3482 359 3548 numerose,
378 3483 514 3549 Pocuclre,
528 3477 688 3546 Poujoulut,
706 3479 842 3530 flumilton
860 3481 883 3545 l,
901 3478 964 3529 541.
1033 3474 1086 3546 38)
1100 3479 1166 3531 Phi-
1264 3540 1271 3550 .

104 3567 186 3634 lustr.
211 3566 266 3617 Pit.
285 3570 366 3630 soph.
383 3569 424 3634 11,
448 3566 491 3628 23.
514 3581 540 3629 p.
562 3566 622 3616 102.
643 3562 701 3630 (ed.
724 3562 857 3632 Kayser).
894 3569 970 3617 Haec
991 3566 1036 3617 vla
1053 3567 1094 3617 ita
1114 3569 1166 3618 de·

104 3645 237 3703 scribitur
254 3655 325 3716 apud
342 3654 504 3704 Pausaniam
521 3655 541 3702 1.
559 3655 578 3702 1.
596 3662 623 3709 ἔκ
646 3649 697 3703 τοῦ
714 3649 784 3722 ἱεροῦ
803 3651 875 3722 παρὰ
892 3652 924 3704 τὸ
945 3652 1103 3720 Ολυμπιεῖον
1122 3653 1166 3702 καὶ
1244 3722 1246 3727 .
1334 3665 1340 3670 “

104 3739 151 3792 ἐπὶ
168 3737 217 3796 τὰς
236 3737 320 3797 πύλας
337 3737 386 3797 τὰς
405 3740 585 3807 Μαγνητίὸας.
669 3734 720 3804 39)
745 3738 786 3789 Cf.
805 3739 930 3790 Itinerar.
1014 3734 1065 3800 4⁰)
1088 3741 1166 3788 Auo-

105 3839 183 3888 uym.
201 3826 304 3888 Expos'.
323 3828 415 3876 Murio.
428 3841 454 3887 p.
469 3824 510 3875 ll.
530 3821 714 3889 (anuumon
727 3828 829 3888 Geogr.
848 3825 912 3874 min.
925 3827 989 3874 tom.
1002 3819 1062 3886 111.)
1091 3827 1164 3886 Scy-

104 3913 154 3962 lax
171 3925 199 3974 p.
217 3908 262 3963 90.
333 3906 392 3974 41)·
406 3909 448 3962 Of.
465 3912 630 3974 interpretes
643 3913 676 3961 ad
688 3911 793 3962 Livium
806 3911 945 3976 XXXVH,
964 3908 1004 3960 10.
1024 3904 1079 3973 (ed.
1092 3909 1164 3961 Dra-

103 3994 202 4060 kenh.)
273 3993 326 4059 42)
345 3997 435 4048 suat.
452 3998 526 4064 xlv,
545 3995 607 4050 639.
679 3992 731 4069 43)
751 3996 886 4048 Chandler
905 3995 965 4048 187.
1000 3998 1101 4047 Aruud.
1120 3995 1163 4048 52.

104 4080 161 4147 44)
180 4086 272 4136 suas.
289 4083 365 4151 xiv,
384 4079 444 4134 cu.
533 4080 587 4147 44)
606 4082 718 4134 uranu.
743 4080 802 4134 rer.
892 4077 945 4148 44)
966 4081 1036 4135 aru.
1061 4084 1096 4146 v,
1119 4079 1163 4135 ar.
1251 4093 1285 4166 ,-

103 4165 162 4237 47)
181 4169 354 4236 Creophylus
372 4183 416 4234 ap·
435 4171 532 4221 Athen.
545 4171 626 4238 vlu,
643 4166 705 4222 361.
725 4165 739 4220 ὁ
759 4166 827 4239 ἱερὸς
844 4166 928 4238 λιμὴν.
