2916 4722
1123 321 1194 394 139

202 499 279 580 vll.
329 497 537 582 EPEESUS.
587 497 825 583 naitanus.
875 499 1132 587 trahamus.

431 610 628 694 hlhthdS.
678 611 905 696 conatalis.
1139 611 1142 617 ’

230 761 328 847 Quod
351 762 391 827 ad
412 763 553 848 reliquos
568 761 682 827 herob's
698 766 818 842 attinet,
840 765 1039 850 Ephesum
1062 769 1194 852 primum

136 869 326 944 invenimus,
350 877 405 930 aut
428 871 526 930 virum
543 867 601 946 ⁶¹),
624 866 754 952 Caystri
775 866 884 946 filium,
908 873 961 953 qui
984 892 1073 933 sacra
1091 871 1197 955 Ephe-

138 973 209 1033 sina
233 968 417 1034 condidisse
440 969 556 1034 dieitur
571 971 628 1051 ⁶²),
651 972 766 1056 quique
789 993 859 1034 cum
881 973 966 1036 Jove
984 974 1114 1057 Epheso
1138 994 1196 1058 po-

137 1083 202 1138 test
224 1075 402 1158 comparari
424 1073 484 1152 (ei.
507 1073 536 1156 §.
561 1075 612 1151 12,
636 1071 705 1149 Vll,
728 1075 852 1153 1148),
876 1083 930 1137 aut
950 1075 1098 1160 puellam,
1120 1077 1197 1141 Dia·
1289 1075 1293 1084 ’

137 1197 200 1238 nac
224 1180 380 1255 comitem,
403 1180 492 1261 eujus
515 1176 613 1240 filiam
637 1179 877 1242 Amazonem
901 1178 997 1242 fuisse
1021 1179 1196 1261 ierunt⁶³)‚

138 1300 297 1364 quamque
320 1280 360 1344 ab
377 1285 446 1367 ipsa
461 1281 566 1344 Diana
584 1301 703 1364 nomen
726 1303 817 1346 suum
833 1284 994 1368 accepisse
1009 1304 1105 1368 supra
1122 1304 1196 1368 pro-

139 1382 285 1445 bavimus
308 1384 335 1468 §.
360 1387 389 1463 7,
412 1406 443 1449 11.
470 1387 520 1449 16.
543 1385 596 1448 31.

229 1483 443 1572 Caystrus,
467 1487 596 1572 Caystri
619 1487 707 1551 fluvii
728 1487 833 1565 heros,
858 1485 1005 1571 frequens
1032 1491 1066 1552 in
1093 1491 1195 1553 numis

139 1601 189 1654 est
204 1589 263 1672 ⁶⁴).
309 1591 338 1654 Is
363 1591 482 1676 Ephesi
505 1592 666 1676 nymphae
689 1613 725 1655 cx
741 1587 941 1654 Penthesilea
959 1591 1119 1656 Amazone
1142 1614 1197 1658 ne-

139 1715 200 1780 pos
213 1695 265 1772 δῦ),
277 1695 396 1780 Ephesi
409 1693 496 1758 urbis
509 1693 683 1758 conditoris
694 1705 786 1780 pater
799 1691 960 1758 ferebatur
971 1696 1022 1776 Μ),
1035 1698 1087 1781 qui
1101 1695 1196 1760 Asca-

139 1797 216 1862 lone
228 1799 445 1862 Dercetonem
461 1801 493 1862 in
508 1802 739 1863 matrimonium
758 1797 845 1863 duxit
867 1807 898 1862 et
915 1819 951 1862 ex
968 1820 1005 1862 ea
1021 1799 1197 1864 Semirami-

140 1901 211 1967 dem
228 1901 327 1988 filiam
343 1903 453 1967 habuit
469 1905 520 1983 67).
566 1905 613 1968 Ex
629 1925 689 1988 qua
707 1902 836 1988 Caystri
852 1925 922 1966 eum
938 1903 1119 1968 numinibus
1136 1905 1198 1990 Sy-

139 2011 233 2072 riacis
248 2011 473 2094 conjunctione
487 2005 715 2072 Creuzerus
734 2007 854 2092 eSyria
872 2003 988 2070 cultum
1002 2007 1197 2094 Ephesinum

140 2111 312 2176 deductum
343 2131 413 2174 esse
442 2109 605 2175 concludit
620 2111 682 2192 ⁶⁸),
712 2119 900 2196 argumento
931 2131 1007 2173 usus
1029 2120 1078 2173 sat
1100 2110 1197 2174 imbe-

141 2211 221 2292 cilli3
247 2237 318 2279 nam
343 2225 375 2278 et
397 2213 522 2278 fabulae
545 2217 624 2278 istae
646 2223 756 2298 aperte
771 2214 958 2275 recentioris
982 2214 1053 2274 aevi
1075 2221 1151 2275 sunt
1165 2223 1198 2276 et

140 2341 241 2402 nexus
263 2323 346 2384 inter
368 2322 496 2382 numina
512 2317 644 2403 Syriaca
668 2325 700 2381 et
722 2315 892 2402 Ephesina,
915 2316 1017 2401 quiin
1039 2317 1077 2378 iis
1101 2319 1198 2380 anim-

140 2423 330 2502 advertitur,
369 2421 468 2487 multo
497 2420 613 2500 levior,
651 2441 743 2506 quam
776 2415 811 2486 nt
839 2417 942 2483 cultus
972 2421 1074 2484 nostri
1104 2421 1196 2508 origo

70 2541 76 2548 '
142 2527 219 2592 inde
244 2525 359 2592 deduci
382 2530 492 2612 possit.
1052 2533 1054 2540 '

231 2629 394 2694 Invenitur
410 2651 509 2717 porro
527 2627 753 2694 Cenchrius
768 2627 883 2693 fluvius
896 2627 938 2707 ⁷⁰)
955 2636 987 2690 et
1005 2625 1078 2692 fons
1094 2627 1199 2692 Mar-

142 2753 212 2798 nas
236 2735 296 2813 (ci.
320 2755 346 2798 c.
370 2735 392 2813 Ι,
415 2735 442 2820 §.
460 2737 488 2812 i,
510 2753 541 2796 n.
567 2735 729 2811 17-19)
749 2733 804 2813 τι).
831 2769 870 2782 -
905 2731 1028 2794 Montis
1052 2731 1198 2817 denique,

143 2841 194 2902 cui
217 2836 383 2924 adjacebat
405 2835 495 2915 urbs,
523 2837 653 2901 heroem
677 2837 892 2902 Coressum
916 2835 1046 2921 Ephesii
1069 2858 1199 2901 venera-

141 2943 267 3022 bantur,
292 2963 424 3026 eumque
448 2961 559 3006 numus
583 2939 709 3005 exhibet
735 2929 916 3026 Ephesinus
932 2941 991 3018 ⁷²).

214 3115 269 3186 61)
288 3121 432 3184 Lexioogr.
451 3134 474 3170 s.
493 3133 519 3168 v.
551 3112 675 3186 Ἔφεσος.
745 3110 797 3180 62)
816 3111 1019 3183 Κρῇσος..ιιαὶ
1033 3108 1199 3184 Ἔφεσος...

144 3203 222 3260 οὗτοι
238 3206 271 3258 τό
292 3204 360 3277 ἱερόν
378 3209 441 3258 εἰσιν
459 3208 486 3257 oi
504 3201 678 3274 ἱδρυσάμενοι.
714 3203 795 3254 Paua.
814 3203 878 3268 vn,
897 3200 924 3268 2,
944 3198 968 3251 7.
1075 3197 1127 3265 63)
1147 3201 1199 3270 Τὴν

143 3297 172 3348 δὲ
185 3289 297 3364 Ἔφεσον
317 3329 362 3346 ...
383 3290 463 3361 (γυνὴ
490 3289 539 3362 γὰρ
566 3286 582 3356 ἡ
605 3285 728 3358 Ἔφεσος,
756 3281 805 3359 ἀφ’
829 3282 860 3356 ἧς
882 3283 898 3356 ἡ
923 3281 997 3344 πόλις
1025 3280 1200 3355 ὀνομάζεται)

142 3375 298 3450 πρόσπολον
319 3374 476 3449 Ἀρτέμιδός
505 3395 570 3448 φασι
598 3377 643 3426 καὶ
666 3378 805 3446 θυγατέρα
832 3369 912 3444 αὐτῆς
931 3369 1037 3444 Ἀμαζώ
1066 3373 1201 3444 ἱστοροῦσι

143 3467 270 3516 Eustath.
294 3467 327 3516 ad
351 3464 467 3528 Dionys.
493 3479 518 3514 v.
537 3459 597 3514 677.
706 3457 879 3526 64)Μὶ01111.
904 3455 1200 3526 111,138.111.335.

142 3545 197 3616 65)
219 3553 287 3602 hei.
310 3551 379 3602 oud.
402 3567 425 3603 s.
448 3563 475 3601 v.
498 3545 649 3619 Καΰστριος
673 3583 737 3599 ....
762 3551 830 3600 ἔστιν
859 3546 915 3605 υἱὸς
938 3547 1128 3604 Πενθεσιλείιις
1153 3541 1201 3612 τῆς

139 3631 290 3707 Ἀμαζόνος
308 3632 428 3702 (Ephesi
445 3639 578 3700 nymphae
596 3629 696 3700 filiae).
766 3630 820 3699 66)
838 3628 983 3702 Καΰστρου
1002 3634 1029 3684 δὲ
1047 3631 1094 3682 τοῦ
1113 3649 1202 3684 ποτα-

143 3725 199 3793 μοῦ
217 3722 265 3776 τὸν
279 3717 395 3792 Ἔφεσον
413 3724 496 3774 παῖδα
514 3726 581 3774 εἶναι
599 3721 734 3790 νομίζουσι
753 3722 834 3788 Paua.
853 3721 871 3770 Ι.
890 3721 910 3770 Ι.
982 3713 1034 3784 67)
1052 3721 1117 3768 Lex·
1132 3720 1201 3770 oud.

144 3805 174 3868 ὃς
193 3813 218 3861 ἐν
234 3803 378 3862 Ἀσκάλωνι
396 3810 469 3877 ἔγημε
489 3807 535 3876 τὴν
553 3805 676 3878 Λαρκετώ
695 3807 740 3856 καὶ
758 3808 782 3863 ἐξ
800 3801 882 3872 αἶνιῆς
906 3807 960 3870 ἴσχε
980 3802 1027 3871 τὴν
1045 3805 1200 3872 Σεμίραμιν.
1240 3831 1243 3837 ,

144 3890 199 3961 69)
218 3897 309 3958 symb.
323 3895 359 3962 11,
378 3909 403 3957 p.
418 3891 477 3944 lli.
533 3888 584 3957 70)
603 3892 704 3942 Mionn.
724 3894 771 3958 111,
790 3889 852 3942 635.
870 3888 932 3941 398.
957 3890 1051 3952 suppl.
1070 3887 1118 3954 VI,
1137 3885 1199 3938 396.

146 3976 198 4046 71)
217 3978 466 4048 11110111.111,161.
485 3977 546 4030 288.
584 3979 685 4028 Eekliel
704 3977 735 4026 D.
754 3979 786 4026 N:
805 3979 843 4042 11,
865 3991 889 4040 p.
909 3973 971 4026 510.
1008 3975 1084 4036 Quod
1104 3987 1202 4025 nomen

145 4067 229 4118 aliter
247 4067 354 4130 acecpit
368 4065 496 4116 11111111ιί11.
517 4067 549 4116 ud
569 4064 637 4115 Plio.
657 4064 730 4127 xvi,
750 4059 784 4112 79
804 4059 927 4130 Μεγάλης
947 4057 1103 4128 ΑΡιέμιὸος
1126 4057 1202 4111 Ναὸν

144 4153 217 4205 Aor'c
237 4144 465 4216 Συνέκτισενῌ).
538 4143 856 4214 72)Μί01111.111,376.
1055 4141 1057 4146 ’
