2916 4722
278 293 349 368 122

276 481 414 566 syringis
437 478 569 546 formam
594 481 820 565 composuerim
851 481 939 565 cujus
966 499 1056 544 usum
1075 481 1146 565 ipse
1168 479 1259 544 Deus
1283 481 1330 544 in-

274 585 399 648 venisse
422 581 605 648 tradebatur
621 583 678 660 ²⁰).
725 582 916 647 servabatur
943 581 997 646 illa
1026 584 1135 667 syrius
1163 584 1196 646 in
1226 603 1329 661 usum,

275 707 366 771 quem
396 707 491 771 supra
520 685 740 771 descripsimus
769 685 796 771 ξ.
820 689 856 764 9,
885 707 915 750 n.
940 687 996 760 tm
1027 686 1086 770 ipsi
1115 693 1219 748 autem
1247 685 1330 750 Pani

274 799 397 854 antrum
420 788 579 875 quoddam
603 810 689 875 poue
713 787 872 875 templum,
895 791 928 852 in
951 809 1015 874 quo
1030 790 1139 873 syrius
1161 809 1330 874 suspensa,

274 913 363 958 more
386 891 542 958 Arcadico
558 894 617 972 ²¹),
640 905 795 976 sacratum
818 901 887 958 erat
900 891 964 987 Ἠ).

625 1130 684 1213 N·
733 1126 976 1214 mutunus.

362 1319 394 1383 N
409 1340 459 1404 ep
473 1326 520 1381 tu
534 1338 556 1379 n
570 1338 605 1394 ο,
634 1327 761 1402 praeter
790 1337 840 1396 ea,
870 1337 950 1402 quae
981 1316 1192 1380 communium
1215 1315 1331 1381 Ionum

274 1430 452 1486 conventus
475 1423 508 1484 in
531 1420 688 1484 Panionio
707 1418 894 1484 celebrabat
916 1419 1011 1500 festa,
1034 1415 1228 1506 peculiarem
1252 1439 1332 1505 qno-

274 1547 335 1610 que
357 1526 596 1589 venerationem
618 1522 801 1588 tribuebant
823 1524 961 1610 Ephesii.

282 1683 285 1700 ,
362 1627 530 1714 Templum
554 1629 636 1692 enim
658 1627 802 1712 Neptuni
825 1627 944 1713 Ephesi
973 1635 1054 1703 erat,
1086 1627 1120 1688 iu
1144 1627 1233 1711 eujus
1256 1634 1328 1691 stoa

274 1731 378 1796 iorum
393 1753 497 1796 rerum
519 1729 678 1794 venalium
702 1729 878 1796 habebatur
893 1730 949 1811 ²³),
973 1738 1005 1794 et
1020 1730 1169 1793 Tauria
1192 1733 1223 1796 ei
1246 1729 1328 1796 festa

274 1832 517 1900 celebrabantur
531 1835 594 1914 ²⁴),
622 1833 664 1898 ad
692 1855 774 1918 quae
802 1832 1005 1898 referendum
1028 1841 1089 1908 est,
1119 1831 1207 1918 quod
1230 1831 1329 1898 tradit

274 1937 423 2014 Ameriae,
445 1939 579 2023 juvenes
602 1936 775 2021 Ephesios,
804 1938 857 2021 qui
886 1938 920 2000 in
941 1936 1085 2022 Neptuni
1108 1935 1196 2000 iestis
1218 1939 1326 2002 vinum

273 2039 500 2118 ministrabant,
522 2048 660 2104 tauros
684 2037 864 2126 appellatos
887 2039 985 2106 fuisse
1000 2041 1060 2120 ²⁵).

361 2143 445 2210 Illud
473 2163 566 2222 vero,
595 2141 683 2229 quod
712 2142 932 2210 Artemidorus
960 2145 1117 2230 Ephesius
1145 2153 1253 2208 narrat
1267 2143 1330 2226 ²⁶),

273 2252 310 2315 iu·
329 2247 516 2335 quibusdam
531 2249 618 2314 festis
632 2251 766 2336 juvenes
782 2247 940 2334 Ephesios
956 2269 1026 2312 cum
1048 2248 1145 2314 tauris
1159 2267 1330 2335 pugnasse,

272 2356 307 2420 iu
329 2355 454 2445 Dianae
472 2355 598 2438 potius,
627 2375 720 2439 quam
741 2355 777 2418 iu
799 2353 942 2438 Neptuni
964 2351 1121 2416 honorem
1143 2351 1261 2416 factum
1284 2354 1329 2416 vi-

273 2457 375 2524 detur.
422 2460 542 2522 Terrae
570 2458 652 2520 enim
681 2466 714 2522 et
742 2456 837 2522 lunae
867 2458 996 2520 numina
1026 2454 1182 2541 ejusmodi
1210 2457 1329 2544 pugnis

274 2560 528 2626 celebraremus
552 2569 620 2627 erat
634 2561 692 2638 Ἡ).
717 2599 757 2612 -
781 2559 847 2626 Sed
869 2569 904 2624 ut
925 2561 987 2645 jam
1011 2558 1051 2623 ad
1073 2560 1259 2643 Neptunum
1281 2579 1331 2624 re·

275 2662 412 2740 deamus,
436 2665 523 2726 etin
545 2665 647 2726 uumis
671 2663 839 2748 Ephesinis
866 2661 962 2728 solito
986 2663 1094 2728 habitu
1117 2663 1202 2728 huuc
1223 2661 1330 2728 Deum

275 2766 443 2832 exhibitum
467 2786 537 2830 esse
559 2763 734 2830 notandum
758 2776 806 2830 est
822 2765 872 2847 ²⁸)
900 2775 1093 2832 atinensem
1116 2765 1329 2852 Ephesiorum

275 2869 549 2935 Posidaonem
573 2868 669 2932 fuisse
686 2868 744 2948 ²⁹).

342 3091 396 3163 20)
414 3099 530 3180 Pausan.
549 3102 628 3168 vlu,
647 3099 742 3169 31,3.
778 3098 875 3170 36,8.
910 3099 1025 3168 38,11.
1124 3097 1328 3166 21)Porphyr.

274 3185 308 3234 de
326 3189 405 3236 antro
422 3189 537 3250 Nymph.
557 3201 583 3238 o.
601 3185 645 3238 20.
734 3181 787 3254 22)
808 3189 906 3242 thill.
929 3192 989 3242 hat
1009 3189 1089 3254 vlu,
1108 3185 1134 3240 6.
1223 3183 1278 3252 23)
1298 3187 1329 3240 c.

274 3271 294 3320 Ι.
313 3284 339 3322 o.
352 3270 423 3324 3028
440 3273 529 3337 ibique
547 3275 663 3326 Boeokh.
734 3269 789 3341 24)
806 3279 908 3328 Meurs.
928 3279 975 3329 Gr.
993 3277 1057 3328 Fer.
1071 3277 1120 3342 Vl,
1138 3272 1200 3326 260.
1216 3302 1248 3314 -
1262 3276 1328 3326 Hes.

274 3356 388 3427 Ταύρεια
406 3353 482 3427 ἑορτή
501 3379 541 3417 τις
559 3353 675 3427 ἀγομένη
693 3360 843 3414 Ποσειδῶνι.
913 3358 966 3426 25)
984 3362 1109 3414 Ameriae
1126 3375 1170 3424 al>-
1183 3361 1280 3412 Athen.
1292 3362 1328 3427 X,

273 3441 336 3510 425,
354 3442 385 3494 0.
404 3467 440 3478 -
457 3447 576 3507 Hesyoh.
596 3442 697 3515 Ταῦροι
715 3450 742 3500 ol
759 3445 833 3517 παρὰ
844 3441 975 3517 Ἐφεσίοις
988 3447 1106 3515 οἰνοχόοι
1125 3451 1154 3500 et
1171 3459 1250 3511 quem
1264 3448 1328 3500 lu-

273 3531 321 3582 dat
337 3528 474 3579 Marusius
491 3530 509 3579 l.
528 3531 547 3579 l.
583 3532 707 3584 Eustath.
725 3534 757 3584 ll.
779 3535 809 3584 Y.
824 3531 898 3600 παρὰ
914 3528 1045 3604 Ἐφεσίοις
1064 3537 1090 3586 oi
1108 3537 1133 3587 ἓν
1151 3534 1187 3604 τῇ
1205 3534 1257 3586 τοῦ
1268 3533 1328 3587 Πο-

274 3614 392 3672 σειδῶνος
410 3609 488 3684 ἑορτῇ
507 3615 687 3680 οἰνοχοοῦντες
703 3612 797 3684 ἠίθεοι
816 3619 915 3688 Ταῦροι
932 3619 1081 3674 ίκσιλοῦντο.
1151 3615 1205 3684 26)
1224 3621 1327 3672 Ouiro-

273 3698 450 3768 erit.11‚35.
488 3697 600 3770 Ταύροις
618 3696 644 3753 d³
665 3705 703 3756 dra
720 3703 788 3756 κατὰ
807 3708 959 3777 προαίρεσιν
983 3711 1009 3760 ἓν
1030 3701 1122 3772 Ἰωνίᾳ
1140 3707 1233 3764 παῖδες
1249 3700 1328 3775 Ἐφε-

218 3795 227 3810 ‘
274 3789 334 3840 σίων
357 3781 527 3856 ιῖγωνίζονται
549 3787 592 3838 καὶ
615 3791 640 3839 ir
660 3783 771 3859 Ἀττικῇ
795 3792 868 3861 παρὰ
890 3800 949 3852 ταῖς
973 3799 1051 3852 θεαῖς
1074 3796 1100 3844 dr
1115 3787 1248 3845 Ἐλευσῖνι.
1284 3792 1328 3843 Cf.

187 3889 190 3900 ’
273 3871 552 3937 ueiskeib.p.112.
589 3877 1056 3948 naro.auuun.u.u.v111,70.
1127 3873 1327 3943 wstaekel-

274 3962 340 4024 herg
356 3961 446 4022 Apoll.
465 3962 558 4023 'remp
576 3975 602 4022 p.
621 3959 665 4014 66.
737 3959 791 4027 28)
809 3964 912 4016 Mionn.
934 3968 1026 4030 {upph
1046 3968 1094 4033 Vi,
1113 3964 1166 4017 416
1184 3967 1328 4028 Neptunus

273 4045 418 4096 tridentem
435 4049 559 4112 gestans,
577 4047 690 4114 uno,'ut
708 4052 790 4116 solet,
810 4053 878 4114 pede
896 4054 1011 4115 scopulo
1029 4053 1147 4105 innixus.
1218 4047 1273 4115 29)
1293 4051 1325 4102 G.

273 4133 293 4182 1.
313 4144 338 4182 n.
362 4127 433 4182 3028
457 4129 594 4198 ποιήσουσι
617 4133 643 4183 δὲ
667 4133 714 4200 τὴν
738 4130 846 4203 adulter
862 4136 943 4205 μηνὸς
962 4137 1144 4196 Ποσιιδειίνος.
1164 4161 1200 4174 -
1219 4136 1329 4190 camini
