2910 4726
280 289 353 362 llo

280 472 473 540 Julianus
495 470 670 554 Imperator
684 463 805 550 Ephesi
827 458 1011 540 audivit¹¹)‚
1033 459 1185 543 cujusque
1206 451 1339 541 religio-

281 601 353 647 nem
376 579 454 662 ipse‚
469 573 669 639 Christianae
689 577 785 631 antea
806 563 950 628 addictus
966 561 1051 640 lldei,
1074 569 1201 624 secutus
1216 567 1267 623 est
1283 559 1340 639 ¹²),

283 683 323 747 of.
344 683 379 744 in
399 680 580 742 universum
603 671 783 746 Fabrioium
800 668 857 748 ¹³).
902 665 953 730 Ad
983 674 1120 730 extrema
1148 662 1217 726 fere
1239 665 1341 746 impe-

282 787 322 848 rii
342 779 514 865 Byzantini
535 785 678 860 tempore
699 775 860 857 pertinere
887 767 1013 832 ridetur
1035 763 1209 830 Michael
1232 763 1342 848 Ephe·

283 889 348 950 sius
373 885 434 963 ¹⁴),
465 881 554 964 cuijus
582 875 703 941 scholia
732 881 854 938 exstant
882 875 916 935 in
945 869 1124 934 Aristotelis
1152 867 1262 931 libros
1298 865 1341 931 de
1443 929 1444 950 p

284 1005 407 1062 somno,
430 983 470 1047 de
484 975 658 1056 insomniis,
673 977 714 1042 de
730 977 927 1042 divinatione
941 995 999 1062 per
1011 993 1158 1038 somnum
1175 979 1261 1034 caett
1273 971 1325 1049 ¹⁵).

372 1090 518 1152 Duorum
540 1093 709 1168 praeterea
724 1081 935 1166 Ephesiorum
956 1079 1086 1142 nomina
1102 1074 1263 1151 habemus,-
1287 1075 1342 1157 qui

285 1193 326 1258 de
358 1188 560 1277 philosophis
593 1186 756 1269 scripsisse
791 1181 953 1258 videntur,
988 1181 1212 1254 Pisistrati,
1246 1197 1340 1262 quem

285 1294 519 1382 grammaticum
549 1287 685 1354 eundem
713 1285 810 1350 fuisse
840 1306 858 1348 e
887 1285 1043 1350 sententia
1066 1284 1135 1366 quis
1155 1283 1342 1366 conjecerit,

287 1419 380 1484 quam
402 1395 443 1458 de
459 1392 623 1457 Aeschinis
639 1389 825 1475 quibusdam
841 1386 977 1474 dialogis
992 1385 1102 1450 tullose
1125 1393 1273 1448 narratur
1286 1384 1343 1462 16),

289 1511 321 1565 et
336 1497 555 1572 Andronis,
579 1498 668 1578 cujus
683 1492 724 1557 de
739 1491 865 1578 tripode
881 1489 962 1556 liber
977 1487 1071 1557 valde
1086 1497 1181 1552 notus
1199 1497 1268 1550 erat
1286 1487 1341 1566 17).

288 1598 568 1667 Alexandrum
582 1595 719 1681 denique
742 1596 928 1681 Ephesium,
958 1591 999 1656 de
1022 1612 1086 1676 quo
1108 1591 1191 1680 infra
1214 1592 1342 1675 saepIus

288 1701 456 1792 dicendum
480 1703 547 1778 erit,
570 1693 727 1782 διαδοχὰς
748 1701 814 1762 τών
831 1691 1035 1787 φιλοσόφων,
1058 1703 1236 1779 quaesunt
1258 1691 1343 1779 apud

288 1809 471 1893 Diogenem
490 1804 728 1888 ¹⁸),so1ipsisse
750 1803 890 1887 conjecit
911 1801 1047 1867 Vossius
1063 1798 1119 1879 19).
1142 1791 1145 1795 ’

671 2037 720 2120 u.
768 2035 956 2122 rorum.
1058 1977 1063 1985 ’

267 2288 271 2303 ,
379 2229 486 2312 Quum
507 2228 569 2312 jam
593 2222 634 2288 de
648 2225 753 2309 poetis
776 2221 944 2288 dicendum
960 2224 1008 2300 sit,
1023 2223 1132 2285 nescio
1156 2243 1197 2285 an
1219 2221 1282 2286 huo
1297 2241 1344 2284 re·

292 2331 391 2397 feram
412 2331 548 2395 Ionem
570 2327 772 2412 rhapsodum‚
796 2330 849 2412 qui
867 2329 926 2390 etsi
947 2329 1015 2410 ipse
1038 2331 1135 2411 poeta
1158 2325 1256 2389 luisse
1278 2345 1344 2388 uon

292 2433 440 2512 traditur,
468 2424 654 2520 argumento
684 2441 882 2495 lamanasse
910 2439 1030 2516 potest,
1054 2431 1184 2493 Homeri
1208 2431 1344 2491 carmina

293 2540 375 2599 circa
397 2535 540 2600 Platonis
564 2543 698 2598 aetatem
714 2536 765 2613 ²⁰)
789 2533 909 2619 Ephesi
931 2553 998 2599 non
1020 2531 1123 2596 solum
1146 2553 1213 2596 non
1235 2531 1346 2618 negle-

368 2791 420 2860 11)
438 2797 479 2846 De
496 2798 561 2861 hoe,
586 2807 664 2858 quem
682 2807 717 2846 ne
740 2807 801 2846 aum
822 2794 941 2848 Maximo
959 2797 1073 2859 Epirota
1091 2811 1158 2851 euve
1180 2799 1344 2866 confundes:

296 2880 373 2933 Suldr
396 2893 420 2929 s.
442 2894 468 2928 v.
487 2877 619 2947 Μάξιμος.
642 2879 790 2942 nudamus.
809 2881 985 2942 Nicephorus.
1005 2911 1035 2922 -
1056 2884 1180 2948 Magleas
1203 2890 1279 2938 artes
1297 2899 1346 2936 ex-

296 2967 435 3016 ementem
459 2967 556 3026 postea
581 2959 698 3016 interfici
715 2961 800 3028 jussit
822 2968 1031 3020 Valentinianus
1058 2973 1124 3033 Imp.
1147 2974 1254 3022 socrat.
1276 2971 1346 3022 nist.
1443 2955 1444 2976 ¹

225 3059 230 3068 “
296 3051 373 3102 Eccl.
391 3051 441 3115 111,
461 3047 475 3098 l
495 3064 521 3112 p.
540 3045 601 3100 619.
693 3044 745 3115 12)
762 3045 855 3110 Εὐθὺς
873 3057 987 3123 impetro
1006 3057 1050 3106 nul
1068 3055 1114 3124 τὴν
1132 3059 1277 3126 θρησκεία)
1300 3053 1347 3108 rol·
1443 3055 1444 3078 ¹

297 3135 440 3194 παιδευτοῦ
457 3139 564 3188 Socrat-
582 3150 608 3198 p.
623 3132 673 3188 168
690 3138 785 3188 Valeo.
802 3162 839 3174 ·-
856 3138 1009 3210 Φιλοσόφων
1027 3135 1098 3206 αὗτῷ
1120 3137 1202 3208 λόγων
1225 3147 1345 3209 καθηγη-

266 3243 268 3246 ·
296 3221 343 3290 τὴς
365 3225 463 3289 ἐγένετο
487 3223 532 3273 καὶ
553 3225 647 3290 μίσους
668 3221 715 3290 τῆς
739 3222 898 3292 Χριστιανῶν
921 3229 1063 3295 θρησκείας
1085 3231 1196 3281 sozom·
1216 3229 1257 3292 V,
1282 3226 1299 3278 2
1320 3242 1346 3289 p.

297 3305 349 3358 rm
369 3309 462 3358 rues.
534 3303 585 3373 13)
603 3308 669 3360 mu.
690 3309 965 3377 or.111‚osa,sm.
1001 3313 1049 3378 vr,
1068 3311 1116 3366 mr
1138 3315 1214 3364 nur.
1234 3318 1264 3364 et
1281 3327 1348 3378 quos
1443 3297 1444 3300 ‘

298 3393 399 3444 laudat.
419 3448 421 3452 ,
476 3389 527 3458 ll)
545 3395 627 3459 „Der
644 3394 761 3448 Michael
779 3399 811 3446 E.
829 3396 866 3446 ist
882 3397 987 3446 freilioh
1007 3397 1068 3449 eine
1086 3414 1157 3464 gana
1174 3403 1347 3455 unhelrannte
1443 3423 1444 3456 l

298 3477 402 3528 Person
407 3491 417 3539 3
441 3479 512 3528 deun
533 3479 664 3530 wiewohl
685 3477 738 3528 ihm
757 3482 840 3532 Buhlo
858 3483 907 3532 das
926 3481 987 3534 llte
1002 3487 1183 3536 Jahrhundert
1201 3488 1346 3552 auweuet,

299 3573 332 3610 ao
349 3561 455 3610 saneim
472 3565 540 3612 doeh
557 3565 615 3614 dies
633 3567 708 3614 mehr
726 3569 794 3616 nuoh
815 3568 974 3618 Gutdaiaken
993 3573 1145 3632 genehehsn
1162 3586 1199 3624 au
1216 3574 1288 3640 mlo,
1307 3571 1349 3625 als

200 3681 204 3686 ,
298 3645 394 3708 lrgend
413 3645 493 3696 einen
510 3647 617 3700 sichero
635 3653 727 3701 Grund
748 3667 784 3704 au
802 3649 922 3706 haheu“·
959 3657 1115 3711 Sohleierm.
1134 3661 1199 3710 Abh.
1219 3661 1244 3710 d.
1263 3661 1346 3711 Aeed.

300 3727 420 3796 1817‚1›.
439 3729 501 3782 265.
573 3729 624 3799 15)
641 3738 721 3788 Febr.
740 3740 790 3807 111,
807 3737 868 3792 236.
886 3737 948 3792 199.
965 3763 1002 3778 --
1019 3743 1052 3794 V.
1072 3741 1133 3794 731.
1151 3745 1200 3811 XI,
1219 3743 1273 3796 198
1294 3750 1345 3796 oet
1443 3757 1444 3760 ’

300 3811 351 3882 16)
369 3817 451 3882 Diog.
468 3820 500 3868 h.
517 3820 555 3884 11,
574 3817 599 3885 7,
618 3819 645 3872 3.
753 3821 803 3890 17)
821 3825 902 3888 Diog.
925 3828 956 3876 1..
976 3828 1002 3892 1,
1022 3827 1065 3894 11,
1083 3826 1108 3886 6.
1128 3855 1163 3866 -
1182 3829 1257 3880 said.
1276 3845 1300 3882 s.
1318 3845 1343 3880 v.

299 3903 408 3971 Σαμίων
433 3901 522 3972 δῆμος.
549 3929 586 3942 -
612 3908 703 3958 sohel.
725 3909 800 3960 I’lnd.
824 3911 914 3967 Istum.
937 3913 973 3962 ll.
1081 3909 1132 3978 18)
1151 3917 1230 3982 VIII,
1253 3915 1285 3983 l,
1305 3913 1344 3967 19.

300 3981 353 4050 19)
370 3989 411 4038 De
430 3989 512 4042 Histt.
532 3993 629 4044 Graec.
648 4006 713 4057 opp,
730 3997 777 4062 IV,
795 4010 822 4058 p.
842 3995 902 4064 159,
912 4011 938 4048 o.
1008 3995 1062 4064 20)
1080 4000 1132 4060 oui
1150 4001 1277 4067 dialogus
1294 4001 1345 4056 eoi

299 4083 353 4121 non
371 4073 504 4146 Platonis,
524 4090 540 4128 s
557 4078 680 4132 Platonis
699 4085 774 4136 certe
790 4085 884 4138 estete
902 4089 954 4136 oet.
991 4085 1033 4138 ct.
1050 4100 1076 4150 p.
1093 4085 1157 4154 541,
1170 4101 1194 4142 o.
