2916 4722
275 281 347 356 144

274 469 344 534 brrit
366 476 399 534 et
420 470 454 533 in
475 466 605 554 politica
628 467 760 531 scientia
783 486 876 552 quam
890 465 1135 530 versatissimum
1149 465 1209 546 ²¹),
1231 485 1331 551 quare

274 573 316 638 ab
338 573 415 658 ipsis
430 570 586 658 Ephesiis,
608 580 644 635 ut
664 570 755 657 leges
777 569 838 634 sibi
860 568 1085 648 conscriberet
1106 572 1257 634 invitatus
1274 579 1332 648 est,

275 675 362 764 quod
394 678 534 761 quamvis
557 684 739 761 conuptum
761 676 809 738 rei
830 671 978 759 publicae
1004 681 1118 738 statum
1140 683 1331 759 praetexens

272 781 426 845 recusarit
441 780 505 859 ²²),
533 777 660 864 publica
687 787 793 842 tamen
816 776 979 864 sepultura
1002 787 1274 864 monumentoque
1296 781 1332 842 in

274 883 347 947 loro
369 884 479 968 posito
502 882 677 947 honoratus
701 891 748 946 est
763 882 822 961 ²³).
867 882 984 946 Postea
1006 903 1135 968 quoque
1151 885 1237 946 numi
1261 884 1332 968 ejus

273 988 412 1074 imagine
434 987 576 1073 insigniti
598 994 673 1051 sunt
687 988 746 1066 ²⁴).

361 1088 652 1154 Hermodorum
668 1087 814 1174 denique,
837 1085 992 1152 Heracliti
1014 1085 1177 1174 aequalem
1201 1097 1234 1154 et
1255 1091 1332 1154 anri-

273 1215 345 1257 cum
365 1193 427 1258 huc
447 1193 568 1259 referre
591 1213 658 1258 non
681 1193 803 1257 dubito.
851 1191 882 1254 ls
905 1194 1003 1270 euim,
1034 1213 1129 1278 quum
1160 1213 1178 1254 a
1208 1192 1346 1284 civibus,

271 1301 336 1362 suis
367 1299 513 1384 Ephesiis
540 1300 575 1362 in
604 1295 729 1361 exilium
758 1299 870 1359 missus
900 1305 985 1360 esset
999 1296 1064 1374 ²⁵),
1086 1297 1120 1359 iu
1143 1294 1264 1360 ltaliam
1295 1317 1331 1360 so

272 1401 446 1466 contulisse
475 1401 589 1465 dicitur
617 1399 725 1485 ibique
753 1398 878 1486 legibus
915 1397 1102 1484 quibusdam
1131 1400 1332 1465 Decemviris

272 1507 461 1592 conscriptis
479 1504 528 1586 18)
556 1513 675 1568 tantam
704 1503 766 1567 sibi
794 1501 929 1590 gloriam
959 1523 1103 1588 parasse,
1131 1512 1168 1568 ut
1195 1513 1330 1568 statuam

273 1612 342 1695 ejus
364 1612 398 1674 iu
422 1606 564 1676 Comitio
588 1609 757 1697 posuerint
779 1609 916 1672 Romani
935 1607 993 1687 ²⁷).

745 1874 774 1959 a.
820 1875 851 1938 a.

620 2031 753 2084 annas
779 2003 995 2089 susanna·

272 2168 464 2263 Tempora
489 2184 611 2259 usque
637 2159 683 2236 ad
709 2158 858 2257 Traiani
883 2155 965 2236 sere
988 2162 1233 2262 Imperatoris
1252 2117 1331 2240 no-

492 2273 596 2350 mani
621 2274 873 2376 principatum
899 2275 1108 2352 continens.

357 2471 395 2535 lu
424 2467 562 2556 periodo
590 2469 744 2549 secunda,
775 2493 867 2557 quarn
897 2469 938 2535 ad
969 2472 1155 2559 omnigenas
1177 2473 1328 2536 scientias

271 2596 457 2640 conversam
478 2573 665 2652 videbimus,
689 2575 865 2638 enarranda
889 2597 960 2640 eum
984 2563 1129 2639 ordiue'm
1152 2595 1330 2660 sequemur,

270 2688 307 2743 ut
335 2676 535 2764 philosophis
562 2679 695 2762 primurn
726 2687 758 2740 et
785 2681 891 2764 potitis
921 2682 1110 2743 enumeratis
1131 2691 1330 2766 ¹eorumque,

269 2908 358 2959 frain
376 2907 554 2958 Hermodoro.
636 2902 690 2971 21)
709 2906 788 2972 Diog.
809 2911 838 2958 Ι..
856 2910 905 2976 lx,
926 2907 951 2976 l,
970 2907 996 2960 2.
1016 2909 1042 2962 7.
1078 2912 1152 2961 Adde
1170 2913 1205 2962 de
1221 2923 1254 2962 re
1273 2925 1328 2974 pu-

270 2995 341 3046 blica
358 3007 418 3045 eum
437 2991 582 3056 scripsisse
600 2991 627 3043 in
646 2993 738 3057 magui
756 2995 817 3064 περὶ
840 2993 941 3065 φύσεως
964 2998 1056 3059 operis
1074 2997 1143 3047 libro
1163 2999 1263 3064 altero,
1283 2997 1329 3061 qni

269 3079 301 3132 τι)
319 3077 456 3132 acticando
475 3080 631 3130 continebat
649 3082 681 3130 D.
700 3083 732 3130 n.
750 3082 799 3148 lX,
820 3081 846 3149 l,
864 3082 889 3133 5.
960 3079 1012 3144 22)
1032 3084 1071 3133 lb.
1084 3107 1121 3119 -·
1133 3085 1211 3144 Quod
1230 3086 1264 3134 (le
1277 3085 1328 3134 de·

269 3167 403 3222 mocratia
422 3170 526 3218 tautum
543 3166 750 3230 intelligendum
765 3171 817 3236 est,
837 3168 955 3233 antiquis
968 3169 1134 3232 philosophis
1147 3181 1255 3232 semper
1267 3171 1329 3220 fere

269 3253 366 3304 invisa.
418 3247 490 3318 123)
509 3253 588 3317 Diog.
608 3256 639 3303 lt·
657 3255 707 3320 IX,
726 3252 752 3320 1,
771 3252 797 3304 3.
868 3250 1044 3319 21)Μ1ιιιιιι.
1063 3257 1111 3323 111,
1125 3254 1185 3307 127.
1206 3256 1248 3306 ct.
1268 3259 1329 3306 Ad-

269 3341 350 3392 dend.
368 3354 393 3402 p.
413 3336 457 3389 92.
474 3362 511 3374 -
529 3341 623 3402 suppl.
642 3342 690 3407 Vl,
710 3339 771 3391 573.
789 3339 851 3392 593.
940 3334 994 3404 25)
1013 3344 1102 3392 Strab-
1121 3337 1328 3410 1.1.Ἑρμὸδιι-

269 3421 536 3496 ρονᾶιι1ριιὲωἱῐτῶν
556 3419 675 3492 (irritator
698 3422 820 3492 ἐξέβαλον
845 3423 948 3496 φάντες·
969 3423 1076 3494 Ἡμέων
1098 3427 1187 3496 μηδεὶς
1206 3421 1328 3494 ὀνὴῖστος

269 3514 340 3571 ἴστω,
360 3513 382 3561 εἰ
395 3511 422 3560 di
439 3508 484 3578 μὴ,
503 3504 567 3580 ἄλλῃ
586 3529 616 3561 τε
629 3513 674 3565 noi
690 3505 747 3581 μετ’
767 3507 855 3564 ἄλλων.
868 3535 905 3548 -
918 3509 1015 3563 cicero
1028 3514 1110 3563 Tuso.
1124 3516 1174 3574 011.
1188 3513 1223 3580 V,
1235 3511 1280 3563 36.
1293 3541 1327 3552 -·

268 3593 348 3657 Diog.
367 3597 398 3644 Is.
417 3596 465 3661 lX,
486 3593 511 3661 l,
529 3592 556 3644 2.
626 3591 680 3661 26)
699 3596 779 3650 Δοκεῖ
796 3599 822 3648 δὲ
842 3591 920 3656 οὗτος
939 3595 953 3649 ὁ
973 3593 1039 3667 ἀνὴρ
1057 3597 1154 3667 νόμους
1172 3598 1246 3657 τινὰς
1261 3597 1328 3650 ‘Por-

268 3679 358 3748 μαίοις
377 3674 633 3749 σι’·γγραψαι81ῐιι1).
652 3685 708 3733 1.1.
727 3707 761 3720 -ν
780 3683 884 3746 [ligent.
903 3683 960 3734 Irlb,
980 3682 1065 3750 11,t.
1101 3685 1267 3748 Pomponius
1292 3687 1328 3737 de

269 3765 340 3828 orig.
354 3761 411 3829 jur.
432 3762 508 3830 (1.1,
527 3763 632 3833 tran)
656 3771 734 3834 leges
758 3769 899 3820 duodecim
924 3772 1074 3822 tabularum
1094 3797 1125 3807 -
1145 3783 1258 3834 quarum
1279 3773 1328 3822 te-

267 3853 411 3902 rendorum
431 3856 572 3904 auctorem
589 3854 675 3906 tuisse
693 3855 861 3906 Decemviris
874 3859 1070 3908 Hermodorum
1088 3859 1218 3920 quendam
1231 3860 1327 3920 Epire-

268 3938 347 4003 sium‚
366 3939 536 3988 exsulantem
551 3925 581 3990 in
599 3941 680 3992 ltalia
698 3941 803 4006 qnidam
822 3945 983 3994 retulerunt.
1076 3939 1132 4009 27)
1150 3944 1219 3994 Pliu.
1239 3946 1272 3994 H.
1293 3947 1326 3994 Ν.

267 4022 393 4089 xxx1v‚
413 4022 446 4073 ll
457 4025 617 4078 Hermodori
630 4029 741 4092 Ephesii
759 4025 877 4095 (statua)
894 4029 922 4081 ln
938 4029 1066 4097 Comitio,
1084 4031 1176 4095 legum
1187 4053 1224 4068 --
1236 4030 1327 4082 iuter-

267 4107 354 4171 pretis
372 4107 480 4174 publice
498 4111 596 4166 dicata.
