2916 4722
291 250 413 340 oo,

293 433 414 499 Notum
431 439 595 518 praeterea
613 439 661 496 est
676 428 796 496 litteras
812 429 976 516 Ephesios,
989 429 1042 496 vel
1057 432 1285 516 pronuntiatas
1295 433 1347 515 ¹²),

291 535 345 601 vel
358 539 393 600 si
417 538 485 620 quis
508 537 641 620 scriptas
664 555 770 598 secum
797 543 938 621 gestaret
953 535 1008 616 l³),
1037 555 1098 621 pro
1122 537 1262 600 omnium
1285 559 1348 600 ma-

292 639 396 705 lorum
418 636 518 702 tutela
540 637 662 702 habitas
685 637 783 702 luisse
797 638 853 716 ¹⁴).
898 638 1007 723 Quare
1030 647 1062 704 et
1077 637 1219 704 Croesus
1245 661 1299 703 eas
1315 643 1347 704 iu

292 762 375 828 rogo
397 743 620 826 pronuntiasse
644 738 759 804 dicitur
777 743 838 822 ¹⁵),
866 750 898 806 et
925 740 1062 808 luctator
1090 739 1216 826 quidam
1240 743 1347 827 Ephe-

292 848 356 910 sius
379 846 611 932 antagonistam
635 865 741 908 earum
757 843 872 908 auxilio
893 848 1076 932 saepissime
1092 847 1219 921 vicisse;
1243 845 1348 912 adem-

293 950 332 1012 tis
356 935 460 1012 aulem
483 957 532 1012 ter
553 956 699 1014 narratur
721 948 924 1014 succubuisse
942 949 999 1030 18).
1395 933 1400 940 ’

764 1123 792 1209 5.
839 1128 869 1190 r.

379 1259 436 1324 iv.
483 1260 659 1346 Antequam
694 1257 833 1344 denique
863 1257 904 1322 ad
937 1277 1054 1322 nomen
1082 1258 1207 1324 Dianae
1241 1260 1348 1348 Ephe-

290 1366 356 1428 siae
374 1362 648 1450 ¹)‘explieandum
675 1361 874 1440 accedamus,
903 1363 935 1426 in
964 1364 1144 1426 universum
1170 1362 1347 1428 notandum

293 1476 349 1545 est,
373 1465 526 1546 Graecos,
550 1489 646 1552 quum
670 1470 704 1531 in
726 1469 833 1532 Asiam
855 1467 1038 1542 transirent,
1060 1486 1128 1530 non
1150 1463 1255 1530 solum
1277 1470 1347 1552 ipsa

289 1573 428 1648 numina,
451 1569 508 1635 sed
531 1574 624 1634 etiam
646 1574 776 1636 nomina
800 1591 909 1634 eorum
938 1571 970 1632 in
993 1589 1094 1632 novas
1122 1567 1215 1634 sedes
1239 1591 1345 1635 secum

290 1674 491 1761 deportasse;
515 1674 602 1759 quod
625 1698 654 1738 v.
675 1697 701 1738 ο.
725 1696 743 1738 ο
764 1673 871 1737 Diana
887 1672 1062 1756 Munychia
1085 1681 1224 1756 apparet,
1249 1672 1346 1740 eCe-

289 1799 361 1842 rere
384 1776 547 1842 Eleusinia
578 1789 611 1842 et
634 1777 895 1862 Thesmophoro,
923 1774 1076 1860 Apolline
1104 1776 1237 1860 Pythio,
1268 1775 1345 1855 aliis,

290 1900 423 1965 quorum
446 1883 575 1944 nomina
599 1884 765 1968 oum'ipso
790 1878 877 1944 cultu
898 1878 1050 1960 Athenis,
1072 1877 1126 1942 vel
1147 1881 1174 1942 si
1197 1901 1260 1964 qua
1284 1879 1344 1944 alia

290 1982 480 2048 colonorum
502 1986 605 2068 patria
627 1984 752 2062 fuisset,
780 2004 848 2048 uon
877 1981 980 2048 solum
1003 1982 1163 2068 Ephesum
1193 1981 1344 2046 translata

290 2097 364 2151 sunt
386 2087 446 2167 (cl.
469 2086 496 2170 §.
523 2089 572 2167 12,
594 2109 625 2150 n.
641 2087 682 2150 ll.
705 2085 849 2170 V;-§.
872 2087 902 2164 8,
918 2106 949 2148 n.
965 2086 989 2148 1.
1009 2088 1081 2165 -),
1104 2083 1160 2150 sed
1183 2086 1217 2148 in
1232 2106 1345 2150 omnes

291 2192 359 2256 lere
373 2190 528 2268 ,colonias
550 2189 690 2279 vulgata.
729 2227 770 2240 -
809 2189 903 2274 Quae
926 2210 1022 2272 quum
1050 2190 1094 2251 ita
1117 2191 1187 2268 sint,
1215 2199 1346 2254 nostrae
1392 2233 1398 2262 ,
1447 2221 1448 2236 1

289 2385 351 2441 389.
371 2417 403 2428 -
424 2389 554 2440 Greuzer.
574 2417 606 2427 -
626 2391 727 2440 Eadem
744 2389 803 2440 tere
820 2383 913 2439 officia
931 2397 1001 2450 qnae
1021 2384 1125 2438 Dianae
1142 2385 1278 2449 Ephesiae
1295 2381 1345 2452 (ct.
1446 2399 1447 2444 i

289 2471 313 2540 §.
333 2471 377 2538 13,
396 2468 491 2541 n.1.),
510 2473 605 2525 Cereri
623 2474 807 2538 Mycalessiae
825 2478 959 2536 tamquam
982 2471 1106 2522 aedituus
1133 2475 1245 2534 praebet
1263 2474 1345 2523 Pans.

287 2559 337 2624 111,
358 2557 400 2622 19,
420 2557 445 2607 5.
464 2581 500 2594 -
519 2563 639 2611 Gerirard
657 2562 751 2610 Prodr.
771 2575 797 2622 p.
816 2558 861 2626 47,
879 2572 906 2609 n.
926 2556 968 2608 14.
987 2555 1031 2608 15.
1120 2552 1171 2622 12)
1189 2558 1344 2622 Diogenian

287 2645 368 2693 Prov.
391 2643 444 2708 lV,
471 2641 505 2692 78
528 2639 670 2708 (scholi.)
693 2646 791 2696 laurici
818 2680 825 2695 .
844 2683 851 2696 .
871 2681 878 2694 .
898 2683 904 2694 .
933 2639 965 2701 ἃς
989 2646 1015 2694 οἱ
1038 2642 1183 2711 φωνοῦντες
1206 2645 1297 2694 ἐνίκων
1319 2647 1344 2694 ἓν
1445 2649 1446 2704 i

288 2731 377 2780 παντί.
396 2755 431 2766 -
448 2729 520 2778 Piut.
539 2731 632 2791 Symp.
657 2731 756 2782 LXXV
773 2729 848 2794 Magi
871 2725 934 2786 τοὺς
958 2723 1190 2796 δαιμονιζομένους
1210 2724 1345 2782 κελεύουσι

247 2867 251 2876 p
287 2811 322 2863 τὰ
336 2807 446 2880 Ἐφέσια
464 2809 607 2882 γράμματα
625 2813 716 2880 λέγειν.
802 2809 853 2879 13)
871 2815 1021 2876 Appendlx.
1041 2814 1129 2865 vatic.
1148 2812 1225 2865 Geni.
1243 2815 1279 2882 X,
1298 2813 1342 2866 95.

290 2925 322 2937 -
341 2899 470 2947 Proverb.
489 2899 606 2950 Metrica
624 2894 726 2966 (ibid.)
743 2903 775 2950 1¹·
789 2927 822 2938 -
834 2900 965 2951 Anaxilas
984 2902 1054 2964 apud
1070 2903 1167 2951 Athen.
1185 2901 1249 2966 1111,
1268 2897 1343 2951 584ο

287 2987 312 3034 ἓν
336 2983 487 3052 σκυταρίοις
509 2991 636 3053 ραπτοῖσι
655 2980 742 3056 φέρων
762 2979 889 3055 Ἕφεοῆια
906 2985 1051 3056 γράμματα
1068 2983 1142 3038 καλά.
1228 2980 1283 3050 14)
1301 2981 1341 3040 Δι’

288 3062 322 3121 ὦν
341 3087 407 3126 τινες
426 3071 451 3119 ἐκ
466 3068 584 3137 μεγάλων
603 3067 723 3124 κινδύνων
742 3071 876 3140 ἐσώθησαν
895 3073 1020 3124 Eustath.
1039 3074 1057 3123 i.
1076 3075 1093 3123 l.
1114 3101 1146 3113 -
1166 3069 1207 3123 (ii.
1225 3072 1342 3137 Diogen.

289 3156 410 3221 suidam,
429 3157 548 3218 Etymoi.
567 3159 706 3225 Magnum,
725 3160 897 3210 Plutarchum
916 3160 944 3208 11.
963 3172 1046 3221 supra
1062 3161 1092 3211 11.
1179 3152 1231 3222 15)
1249 3161 1341 3222 Etpnn.

286 3246 362 3308 Mgn.
383 3268 413 3278 -
435 3242 541 3294 fluidas.
598 3240 649 3309 16)
672 3246 769 3296 suidas
792 3249 821 3296 et
838 3244 1010 3310 Eustatirius,
1029 3245 1076 3295 ubi
1097 3249 1125 3296 et
1143 3238 1342 3315 ἀλεξιφάρμακα
1443 3261 1444 3323 p

286 3331 457 3393 appellantur
475 3331 504 3378 et
522 3331 606 3398 φωναὶ
624 3324 801 3382 (iuvantem
820 3329 930 3398 φυσικὴν
948 3333 1060 3394 ἔχουσαι.

357 3429 391 3497 1)
409 3433 540 3498 vulgaris
558 3433 635 3484 vocis
653 3436 740 3486 forma
755 3430 938 3502 ’Eusataest
974 3438 1050 3496 erae
1068 3439 1212 3498 praeterea
1230 3435 1341 3487 inveni-

248 3534 254 3552 ν
286 3522 331 3568 tur
350 3511 475 3583 Ἔφεσεῖα
498 3513 598 3583 (soph.
621 3520 698 3572 Alex.
726 3523 804 3586 frgm.
828 3536 870 3586 ap.
894 3523 985 3584 steph.
1009 3515 1120 3589 Thes),
1148 3526 1179 3572 ut
1202 3523 1236 3573 de
1260 3523 1341 3574 festis
1442 3527 1443 3567 i

283 3597 414 3672 Ἐφεσὶῖια
432 3601 546 3668 (Athen.
566 3605 583 3652 1.
602 3597 642 3668 1.)
661 3609 689 3656 et
700 3600 815 3676 Ἐφεσὴα
833 3604 879 3675 (in
899 3621 979 3659 numo
1000 3608 1117 3671 Ephesio
1135 3621 1220 3658 urnae
1242 3609 1341 3671 palae-

286 3690 387 3740 stricae
404 3689 563 3750 inscriptum
581 3702 624 3750 up.
640 3693 738 3754 Spania
757 3695 817 3745 Del.
840 3711 866 3744 v.
886 3691 928 3760 1.)
947 3709 980 3744 ex
998 3698 1064 3745 noto
1083 3695 1265 3746 Asiaticorum
1288 3707 1341 3745 usu
1441 3719 1442 3722 ¹

286 3795 348 3843 orta
367 3795 420 3859 est,
439 3770 514 3854 qui
538 3791 565 3842 in
585 3773 613 3842 E
634 3797 741 3846 mutare
764 3797 889 3847 solebant
910 3790 963 3861 (ot
982 3799 1076 3866 τείμη
1098 3811 1133 3838 =
1150 3791 1255 3864 τίμη).
1293 3795 1341 3847 sic

286 3879 369 3929 etlam
391 3879 418 3929 ln
441 3878 523 3928 lusor.
547 3875 614 3928 Onia
634 3871 772 3950 Ἀρτέμιδι
792 3876 916 3950 Ἐφεοείῃ
941 3893 984 3944 ορ.
1007 3883 1124 3934 noetio.
1148 3881 1179 3934 0.
1202 3883 1224 3932 l.
1248 3883 1291 3949 ll,
1311 3895 1338 3933 n.

286 3959 365 4012 2228.
403 3963 445 4014 De
463 3963 615 4028 antiquiore
632 3966 709 4018 vocis
728 3968 816 4020 torna
833 3967 869 4018 ct.
886 3966 959 4019 intra
976 3973 1045 4020 extr.
