2916 4722
277 263 349 338 rra
774 309 794 356 ,

365 449 529 536 Epicnm
557 451 655 537 igitur
684 469 807 513 carmen
835 450 862 512 si
890 450 1022 534 primum
1045 457 1237 532 spectamus,
1260 451 1331 533 ejus

277 555 419 642 vestigia,
444 556 511 632 etsi,
533 556 559 616 si
583 575 650 616 cum
675 551 744 615 aliis
766 550 897 616 urbibus
922 554 1119 638 compararis,
1142 572 1209 615 non
1231 551 1332 616 multa

280 656 399 743 Ephesi
421 659 637 742 reperiuntur,
666 658 868 739 reperiuntur
895 664 1008 718 tamen.
1054 657 1222 740 Smyrnam
1245 658 1331 720 enim
1374 681 1378 689 ¹

278 783 372 846 quum
395 759 529 846 plurima
558 757 673 823 indicia
702 760 833 844 patriam
856 759 987 824 Homeri
1019 759 1114 823 luisse
1143 758 1333 836 indicarent,

278 884 411 948 eamque
433 863 542 928 urbem
565 862 604 926 ab
629 862 774 948 Ephesiis
798 861 956 925 conditam
980 884 1075 949 supra
1098 861 1268 947 probatum
1291 865 1334 926 sit

277 965 338 1044 (cl.
363 967 456 1044 cll,
484 965 513 1051 §.
535 967 592 1046 3),
624 965 846 1043 Homerum,
878 968 996 1052 quippe
1023 955 1114 1050 quem
1139 965 1333 1029 Aeolensem

277 1067 513 1154 vixappellarc
535 1068 643 1146 liceat,
669 1090 813 1156 -quae
842 1090 921 1156 gens
951 1079 1027 1154 post
1048 1069 1144 1132 lones
1174 1071 1334 1155 Ephesios

277 1170 444 1256 Smyrnam
467 1175 634 1258 occupavit
659 1211 697 1222 —
723 1195 760 1238 ex
776 1173 935 1258 Ephesina
950 1171 1083 1257 quadam
1101 1172 1226 1251 familia,
1250 1195 1334 1258 quae

278 1297 348 1338 cum
370 1297 484 1363 magna
505 1279 620 1342 civium
644 1287 734 1362 parte
756 1277 922 1361 Smyrnam
953 1275 1198 1364 demigraverat,
1228 1285 1334 1341 ortum

280 1400 359 1464 esse,
381 1383 449 1446 veri
470 1380 556 1445 haud
578 1379 728 1448 dissimile
752 1390 800 1444 est
816 1381 856 1459 ⁴).

367 1483 476 1548 llllulto
493 1506 571 1548 vero
589 1487 717 1569 majoris
731 1487 756 1547 si
777 1493 917 1546 nostram
937 1481 1046 1546 urbem
1065 1492 1250 1568 spectamus,
1267 1505 1335 1548 mo-

279 1589 377 1650 menti
400 1586 624 1678 elegiacum
647 1609 773 1652 carmen
797 1597 852 1666 est,
876 1585 970 1672 quod,
993 1598 1028 1650 ut
1049 1589 1083 1650 in
1105 1589 1251 1650 universa
1269 1589 1335 1672 Ly-

278 1689 330 1754 dia
353 1694 527 1776 antiquitus
548 1693 611 1777 jam
634 1696 783 1768 usitatum
798 1691 923 1755 videtur
940 1693 980 1770 ⁵),
1004 1689 1124 1775 Ephesi
1139 1711 1204 1754 non
1229 1679 1334 1754 solum

278 1793 396 1858 cultum
418 1817 615 1881 magnopere
637 1796 765 1874 scimuS,
795 1795 856 1869 sed,
881 1793 932 1858 vel
962 1795 1116 1880 originem
1141 1797 1235 1856 etiam
1257 1791 1350 1859 inde*

278 1901 424 1971 traxisse3
449 1896 636 1962 Callinus
661 1903 756 1975 enim,
787 1919 879 1983 quem
909 1899 1042 1982 primum
1065 1902 1193 1982 politam
1217 1897 1336 1985 elegia·
1383 1967 1387 1970 ,

279 2021 348 2063 cum
372 1999 469 2063 luisse
492 2011 625 2079 constat,
648 2002 805 2088 Ephesius
828 2009 876 2063 est
891 1999 926 2078 8)
946 1999 1063 2086 ibique,
1086 1999 1174 2085 quod
1198 2023 1235 2064 ex
1255 2004 1335 2066 Tre-

279 2125 347 2168 rum
371 2106 552 2195 incursione
581 2103 775 2168 concludere
803 2101 887 2180 licet,
912 2105 994 2166 circa
1023 2103 1237 2190 olympiadem
1265 2105 1334 2169 lere

277 2211 461 2297 vigesimam
483 2210 568 2272 vixit.
614 2207 721 2291 Quum
738 2207 821 2272 enim
846 2204 885 2269 ad
901 2206 1125 2292 rempublicam
1142 2211 1248 2272 omnia
1265 2211 1335 2294 ejus

279 2319 417 2379 carmina
438 2322 593 2400 spectent,
616 2321 764 2398 totusque
780 2315 849 2398 ipse
872 2314 904 2374 in
921 2313 1034 2374 civium
1056 2312 1198 2376 moribus
1222 2335 1335 2398 expro-

277 2417 408 2482 brandis
424 2420 458 2498 7)
480 2426 632 2494 versetur,
655 2418 828 2501 animisque
857 2425 967 2479 contra
990 2415 1098 2479 hostes
1123 2416 1335 2494 corroboran-

280 2511 328 2585 dis
344 2523 386 2602 ὅ),
411 2523 544 2586 Trerum
575 2523 667 2584 etiam
692 2521 865 2605 corumque
894 2518 983 2583 ducis
1011 2521 1130 2582 mentio
1154 2519 1240 2604 apud
1264 2543 1334 2584 eum

279 2627 454 2698 invenitur;
478 2623 565 2708 quod
588 2625 713 2686 unicum
737 2623 805 2686 fere
827 2625 938 2686 aetatis
954 2625 1022 2707 ejus
1045 2622 1195 2686 indicium
1211 2633 1261 2687 cst
1276 2624 1320 2705 ⁹).

369 2725 470 2792 Simili
496 2725 633 2812 quodam
655 2747 777 2789 morum
801 2725 1063 2812 corrigendorum
1085 2726 1138 2789 vel
1157 2749 1234 2791 sane
1255 2729 1335 2791 vitu-

279 2830 494 2916 perandorum
518 2828 634 2906 studio,
656 2828 808 2892 iambus
825 2839 918 2892 natus
942 2838 997 2904 est,
1021 2851 1112 2914 quem
1138 2839 1170 2894 et
1191 2832 1336 2918 ingenio-

281 2935 401 2997 sissime
418 2943 449 2997 et
465 2932 664 2996 acerbissime
681 2934 856 2996 exercuisse
873 2931 986 2997 dicitur
1000 2934 1215 3024 Hipponax
1232 2935 1333 3020 Ephe-

280 3040 344 3101 sius
359 3039 407 3118 ¹⁰),
420 3039 473 3124 qui
485 3043 552 3102 sive
565 3036 608 3102 ol.
618 3038 754 3101 XXVlll
769 3037 809 3117 ¹¹)
821 3039 940 3116 vixerit,
950 3039 1024 3115 sive,
1037 3037 1124 3122 quod
1136 3038 1336 3102 verisimilius

279 3241 351 3292 dten.
370 3257 393 3292 s.
411 3257 438 3292 v.
458 3237 564 3313 clpapu.
637 3237 672 3306 l)
692 3243 768 3303 Quod
788 3253 867 3305 quum
888 3239 1044 3291 accmstius
1064 3240 1202 3304 inquirere
1218 3241 1262 3292 hic
1279 3255 1337 3291 uon

280 3329 358 3378 iocus
377 3334 461 3388 esset,
480 3339 535 3378 non
550 3323 608 3378 'ram
628 3343 661 3378 ex
680 3341 739 3378 mea
757 3328 893 3381 sententia
910 3325 1049 3392 proposui,
1068 3340 1145 3389 quarn
1161 3341 1195 3378 ex
1207 3329 1338 3380 Muelleri

281 3413 348 3464 niu.
367 3417 465 3465 Gesch.
485 3415 506 3477 1,
525 3428 551 3474 p.
571 3412 605 3463 72
623 3428 660 3462 ss.
732 3409 766 3475 5)
786 3415 892 3464 Franke
912 3413 1009 3462 Callia.
1028 3427 1053 3474 p.
1072 3412 1098 3462 5.
1117 3437 1153 3448 -
1171 3414 1266 3463 Mucll.
1286 3415 1336 3462 Η.

229 3471 238 3496 Ι
284 3513 311 3559 p.
326 3497 386 3549 186.
439 3492 474 3562 6)
491 3499 567 3546 Pnot.
586 3499 668 3548 Belrk.
687 3513 712 3560 p.
732 3497 795 3564 319,
815 3502 838 3548 b.
859 3496 890 3548 ll
910 3500 980 3560 apud
999 3499 1113 3561 Frank.;
1133 3499 1212 3549 flach.
1225 3499 1335 3563 Fragm.

353 3577 387 3646 7)
405 3578 510 3652 Μέχρις
532 3579 578 3633 τεῦ
596 3579 769 3648 ιιατάκεισθε,Ι
793 3579 845 3636 κάτ’
867 3579 975 3651 ἄλκιμον
993 3584 1058 3640 ἕξετε
1077 3583 1167 3653 θυμὸν

400 3661 436 3722 Ὦ
454 3665 523 3730 νέοις
542 3662 601 3723 oit'
621 3665 739 3724 crroetoo’
765 3665 999 3740 &permonemur

400 3749 463 3808 ‘site
487 3757 542 3822 λίην
565 3751 714 3828 petiveram,
739 3759 764 3810 b·
783 3752 869 3826 εἰρήνῃ
888 3757 914 3808 δὲ
934 3756 1032 3810 δοκεῖτε

400 3834 511 3903 'Haece
530 3835 598 3912 ἀτὰρ
617 3837 730 3911 πόλεμος
753 3849 832 3910 γαῖαν
854 3837 961 3896 ἅπασαν
984 3845 1050 3908 ἔχεις
1210 3873 1212 3882 =

282 3926 404 3980 caumas
415 3927 483 3979 l-l.
494 3931 574 3981 flach.
629 3923 665 3994 8)
682 3932 713 3980 V.
727 3929 743 3980 6
756 3944 794 3982 ss.
806 3953 843 3964 -
856 3927 890 3980 14
899 3943 922 3980 s.
934 3926 1014 3980 lflss.
1068 3925 1102 3991 9)
1113 3925 1183 3982 Gall.
1193 3931 1272 3994 rrgm.
1286 3932 1336 3982 ΙΙΙ.

280 4035 316 4048 -
333 4015 434 4064 Muell„
446 4015 465 4064 1.
478 4016 497 4066 l.
516 4011 568 4082 (ΙΙ,
583 4008 606 4080 §.
619 4008 665 4080 3).
736 4010 788 4080 lo)
807 4017 898 4068 Streb.
915 4017 989 4078 xlv,
1009 4029 1035 4077 p.
1054 4011 1115 4068 642,
1134 4016 1209 4069 Suid.
1222 4031 1250 4066 v.
1262 4013 1334 4070 Ἱππ.

285 4097 370 4154 clem.
388 4101 469 4159 Alex..
486 4105 585 4156 strom.
605 4103 631 4169 1,
646 4117 672 4163 p.
689 4100 752 4158 303:
788 4101 829 4155 Gt.
842 4103 977 4158 welcker
994 4102 1023 4154 in
1041 4103 1083 4153 ed.
1101 4113 1152 4152 sua
1170 4115 1195 4164 p.
1207 4101 1235 4169 3,
1254 4100 1318 4152 o.2.
