2866 4736
376 431 452 516 Qua
475 430 516 496 de
537 452 587 520 re,
614 438 782 516 antequam
808 428 849 494 ad
865 428 997 518 singula
1027 427 1235 494 describenda
1258 451 1349 495 acce-

292 533 410 614 damus,
432 557 533 621 pauca
557 535 669 599 dicturi
692 555 806 600 sumus,
851 537 859 541 ’

379 640 474 702 Asiae
497 641 579 720 euim
603 659 640 703 ea
664 659 734 717 ora,
759 659 839 722 quae
862 636 903 701 ad
926 635 1122 701 occidentem
1148 644 1180 700 et
1201 635 1348 722 Aegeum

290 763 376 806 mare
391 744 502 830 vergit,
523 751 687 827 praeterea
711 739 799 826 quod
815 740 970 806 Graeciae
988 742 1118 804 maxime
1135 739 1238 825 vicina
1255 749 1349 817 esset,

291 844 345 908 vel
368 867 434 908 eam
459 845 501 908 oh
526 867 649 909 causam
671 844 802 910 Graecis
824 865 1018 930 magnopere
1033 842 1159 928 placere
1183 840 1295 905 debuit
1318 852 1350 906 et

292 958 366 1034 apta
388 948 497 1026 videri,
519 951 552 1010 in
568 971 629 1033 qua
644 947 736 1012 sedes
760 946 819 1010 sihi
838 935 1000 1034 eligerent,
1024 945 1112 1032 quod
1133 944 1279 1009 locorum
1294 967 1350 1009 na-

197 1112 198 1115 ,
291 1062 370 1130 tura,
393 1050 548 1136 coelique
562 1054 715 1137 temperie
738 1050 892 1114 Graeciae
918 1049 1074 1114 simillima
1097 1058 1181 1113 esset
1202 1048 1350 1133 frequen-

291 1164 402 1239 tesque
431 1157 518 1219 sinus
549 1164 581 1218 et
608 1164 719 1240 portus
743 1155 853 1238 optimi
875 1155 1072 1240 navigationi
1096 1162 1128 1216 et
1154 1155 1349 1216 commerciis

291 1260 452 1322 maritimis
474 1257 568 1321 valde
584 1259 736 1320 faverent.
775 1255 839 1319 Sed
855 1254 923 1319 aliis
940 1259 1067 1342 quoque
1084 1253 1257 1320 commodis
1273 1277 1351 1342 gau·

292 1360 360 1439 det,
390 1362 504 1446 quibus
532 1363 601 1446 ipsa
624 1359 761 1424 Graecia
792 1369 893 1436 ceret3-
923 1381 941 1422 a
969 1369 1062 1446 tergo
1090 1362 1172 1424 enim
1201 1361 1349 1445 ingentes

291 1465 387 1528 Asiae
408 1463 555 1548 planities
577 1465 682 1542 hahet,
704 1484 785 1548 quae
808 1461 916 1526 faciles
944 1466 1133 1527 commercio
1163 1465 1229 1525 vias
1246 1483 1351 1546 ¹prae-

290 1566 371 1629 bent
392 1588 492 1650 usque
515 1565 556 1629 ad
579 1568 771 1653 Euphratem
801 1576 833 1630 et
860 1569 894 1629 in
923 1570 1105 1658 interiorem
1130 1567 1242 1630 Asiam.
1289 1566 1351 1628 Fa·
1405 1620 1409 1630 ,

234 1715 237 1722 ,
293 1669 407 1734 cillime
432 1673 512 1734 enim
536 1673 669 1735 interior
695 1669 751 1734 illa
777 1691 865 1756 pam,
895 1693 988 1754 quum
1018 1670 1179 1734 montibus
1210 1677 1350 1732 ceterum

291 1773 431 1859 undique
453 1785 622 1860 praesepta
645 1779 693 1853 sit,
715 1797 774 1862 per
801 1795 929 1858 campos
951 1777 1035 1861 istos
1051 1774 1151 1861 longe
1179 1783 1350 1858 porrectos

292 1877 404 1954 aditur,
426 1896 486 1962 per
508 1899 588 1962 quos
611 1881 745 1943 Hermus
774 1887 805 1942 et
828 1876 1004 1942 Maeander
1024 1877 1113 1941 fluvii
1136 1899 1174 1940 ex
1195 1879 1351 1941 interiore

290 1979 433 2068 Phrygia
461 1979 527 2044 leni
556 1979 737 2046 declivitate
765 1981 944 2046 decurrunt.
990 1970 1077 2046 Inter
1098 2001 1178 2065 quos
1200 1979 1351 2044 breviore

292 2091 388 2148 cursu
409 2083 563 2170 Cayster,
593 2083 631 2147 ad
662 2087 750 2170 cujus
781 2089 896 2149 ostium
926 2085 1071 2170 Ephesus
1100 2085 1158 2145 sita
1189 2092 1245 2146 est.
1301 2083 1351 2158 lta

292 2183 387 2273 quum
417 2187 547 2266 Miletus
570 2187 736 2252 Maeandri
766 2193 879 2254 ostium
911 2195 1110 2274 occupasset,
1140 2186 1287 2260 Phocaea
1317 2199 1352 2252 et

292 2291 428 2376 Smyrna
451 2291 493 2356 ub
505 2293 620 2356 ¹Hermi
642 2295 733 2357 ostiis
748 2293 833 2358 haud
852 2291 965 2378 procul
981 2291 1141 2365 distarent
1164 2289 1224 2352 hec
1237 2289 1352 2353 fluvio-

134 2464 137 2474 !
198 2395 200 2403 ’
290 2417 360 2459 rum
384 2400 624 2481 opportunitate
647 2397 742 2460 Io‘nes
772 2400 890 2482 optime
913 2417 988 2460 usos
1013 2417 1082 2459 esse
1105 2392 1257 2457 videmus.
1294 2394 1352 2457 At-

292 2507 398 2561 tamen
426 2500 604 2562 Phocaeam
625 2509 666 2561 ‘et
695 2499 840 2561 Miletum
862 2520 929 2562 non
956 2501 1057 2561 minus
1080 2507 1175 2582 atque
1192 2499 1351 2575 civitates,

291 2603 326 2664 in
348 2599 460 2665 insulis
484 2601 642 2676 conditas,
676 2599 851 2685 longinqua
881 2603 988 2684 potius
1016 2603 1169 2663 maritima
1200 2603 1358 2664 commer-'

293 2706 342 2783 cia
364 2707 540 2769 exercuisse
563 2711 702 2766 constat:
728 2700 813 2763 unde
835 2701 1037 2788 intelligitur,
1067 2726 1122 2767 cur
1145 2725 1201 2768 eae
1223 2707 1352 2790 potissi-

293 2791 376 2872 mum
399 2811 540 2872 civitates
555 2805 704 2891 plurimas
721 2800 867 2882 duxerint
882 2803 1027 2870 colonias
1049 2805 1082 2871 in
1096 2817 1196 2872 terras
1218 2807 1352 2872 maxime

292 2919 442 2974 remotas:

383 3013 529 3097 Ephesus
552 3018 662 3073 contra
687 3019 719 3074 et
741 3009 877 3095 Smyrna
898 3011 1001 3076 nullas
1024 3013 1091 3078 sere
1114 3013 1270 3083 duxeruut
1296 3035 1353 3080 co-

293 3117 397 3183 lonias
417 3115 483 3196 ¹(cf.
507 3111 645 3198 c.1L§.
672 3114 724 3194 3.)
753 3113 810 3200 scd
837 3106 1023 3182 interiorum
1046 3122 1158 3205 ,potius
1186 3128 1351 3196 terrarum,

294 3242 376 3306 quae
398 3216 483 3282 facili
511 3239 611 3304 opera
640 3219 678 3282 iis
707 3239 742 3280 se
772 3219 967 3298 offerebant,
997 3224 1182 3286 commercia
1211 3238 1352 3303 occupa-

292 3334 383 3398 runt3
406 3325 530 3406 utrique
551 3321 622 3417 urbi
645 3325 707 3386 situ
730 3327 861 3389 maxime
885 3325 1020 3388 favente.
1067 3322 1195 3407 Quippe
1210 3319 1349 3407 Smyrna

293 3423 470 3510 paullulum
485 3413 608 3490 tantum
629 3423 724 3490 distat
739 3427 779 3490 ah
795 3429 904 3490 Hermi
920 3445 1041 3510 campo,
1064 3423 1163 3512 longe
1178 3425 1260 3490 ultra
1275 3427 1351 3494 Sarss

294 3527 352 3592 des
374 3528 415 3594 ad
437 3529 595 3616 Phrygiae
617 3529 699 3594 fines
720 3521 820 3614 usque
841 3539 985 3614 patente-3
1009 3528 1139 3628 theso
1161 3541 1350 3618 autem-per

295 3629 477 3717 Caystrium
500 3655 644 3720 campum
666 3644 699 3698 et
721 3631 828 3698 Tmoli
850 3633 958 3698 fauces
980 3631 1096 3700 Sardes
1119 3633 1212 3700 facile
1230 3635 1349 3700 adeun·

294 3744 353 3814 tur,
375 3738 409 3800 in
424 3736 641 3804 Maeandrium
662 3759 742 3802 vero
759 3759 910 3822 campum,
933 3736 1017 3802 haud
1034 3737 1164 3825 amplius
1183 3743 1349 3826 octoginta

294 3838 467 3905 stadiorum
495 3851 679 3906 montanum
707 3843 768 3906 iter
790 3850 838 3906 est
865 3863 924 3926 per
946 3841 1142 3930 Magnesiam
1171 3843 1347 3910 Maeandri.

274 3969 278 3974 ·
294 3942 398 4027 Quam
419 3947 503 4008 viam
518 3947 647 4009 maxime
662 3927 806 4010 usitatam
823 3945 921 4010 fuisse
935 3948 1048 4012 scimus
1072 3969 1109 4011 ex
1131 3945 1348 4033 descriptione

294 4045 486 4112 Artemidori
508 4047 639 4133 Ephesii
661 4050 731 4133 (ap.
755 4047 858 4114 Strab.
874 4050 960 4133 XIV,
982 4053 1073 4130 663),
1096 4053 1150 4135 qui
1172 4072 1283 4118 omnes
1307 4051 1347 4118 ah
