2916 4722
1125 326 1173 399 67

117 515 181 559 una
205 515 277 560 cum
300 499 432 561 caeteris
448 495 644 564 Graecorum
667 499 797 565 urbibus
820 500 966 588 Ephesus
990 527 1117 592 quoque
1139 513 1174 574 in

116 601 337 664 Romanorum
361 599 513 665 ditionem
534 605 625 666 venit
642 605 757 684 (133).
803 605 988 671 Notandum
1003 618 1107 676 tamen
1125 623 1173 678 est

117 701 278 787 Ephesios
300 711 433 789 propter
454 712 565 768 notum
580 703 735 770 libertatis
751 707 887 772 studium
911 707 1078 796 aliquoties
1097 736 1172 781 con-

116 815 164 868 tra
180 807 401 870 Romanorum
416 809 580 892 imperium
593 807 776 874 rebellasse.
803 811 939 876 Primum
957 817 1047 895 enirn,
1063 830 1171 903 spreto

115 917 317 988 testamento,
339 931 407 976 non
426 913 529 974 statim
545 913 699 976 Romanis
720 915 901 998 paruerunt,
923 916 980 980 sed
995 918 1035 983 ab
1051 920 1171 988 Aristo-

46 1102 48 1108 1
114 1015 188 1090 nici,
211 1016 266 1098 qui
287 1033 421 1102 regnum
444 1035 533 1079 suum
558 1025 669 1080 contra
685 1017 849 1080 Romanos
865 1021 953 1082 tueri·
965 1033 1098 1089 conatus
1115 1038 1170 1106 est,

114 1116 260 1200 partibus
283 1125 438 1182 steterunt
453 1119 495 1198 ⁵).
520 1155 560 1168 -·
583 1117 721 1198 Deinde,
743 1141 836 1204 quum
856 1120 1056 1190 Mithridates
1071 1128 1171 1216 Phry-

114 1221 176 1306 gia,
199 1219 307 1305 Mysia
325 1223 462 1305 Asiaque
478 1221 617 1308 subjecta
635 1221 667 1302 6)
691 1225 738 1303 (a.
756 1224 820 1305 88)
842 1225 963 1288 Ioniam
980 1249 1080 1314 usque
1096 1255 1169 1318 pro·

115 1324 279 1402 cessisset,
310 1325 439 1410 Ephesii
461 1345 538 1410 prae
561 1327 693 1390 caeteris
716 1347 787 1390 eum
811 1347 932 1392 summo
957 1351 1026 1395 cum
1049 1335 1169 1421 gaudio

115 1436 311 1512 exceperunt
326 1429 373 1507 7);
396 1447 464 1490 non
485 1435 580 1506 metu,
602 1426 660 1492 scd
681 1437 815 1515 propter
841 1452 993 1498 summum
1009 1437 1170 1504 Romano·
1263 1509 1272 1522 ‚

113 1551 182 1592 rum
206 1528 315 1594 odium
332 1531 380 1610 ⁸),
409 1551 474 1616 quo
497 1533 576 1596 moti
599 1540 631 1595 et
652 1540 770 1595 statuas
793 1535 827 1597 in
849 1535 930 1600 urbe
951 1539 1168 1607 Romanorum

114 1631 302 1720 dejecerunt
318 1635 353 1714 9)
377 1641 408 1697 et
430 1636 518 1720 ipsos
541 1635 714 1714 Romanos,
737 1639 790 1721 qui
813 1635 932 1723 Ephesi
953 1643 1168 1726 versabantur,

114 1757 181 1800 uno
198 1735 251 1801 die
273 1736 478 1816 trucidarunt,
501 1757 542 1801 ne
564 1741 603 1802 iis
626 1737 752 1824 quidem
769 1752 945 1825 parcentes
968 1748 1069 1830 quiin
1092 1757 1170 1813 tern-

59 1869 61 1874 ·
114 1838 202 1925 plum
226 1841 439 1928 confugerant
454 1841 510 1920 ¹⁰).
556 1840 621 1906 Sed
645 1850 677 1905 et
698 1845 797 1926 ipsius
820 1843 1012 1912 Mithridatis
1034 1851 1166 1935 imperio

114 1964 189 2006 mox
204 1951 322 2028 spreto,
334 1943 504 2030 praesidio,
519 1963 582 2030 quo
598 1943 653 2009 ille
664 1943 773 2010 urbem
790 1949 977 2031 muniverat,
989 1953 1106 2018 offensi
1119 1958 1167 2037 ¹¹),

114 2045 292 2111 Zenobiam
309 2046 499 2111 Mithridatis
522 2045 634 2112 ducem
648 2053 682 2114 in
703 2049 812 2114 urbem
830 2052 957 2137 quidem
971 2071 1167 2144 receperunt,

113 2159 213 2225 noctu
236 2152 397 2215 tamenin
420 2171 576 2216 carcerem
598 2156 748 2237 injectum
771 2166 872 2218 morte
894 2157 1072 2224 affecerunt
1089 2164 1143 2242 12).

204 2257 287 2318 Tum
311 2257 468 2320 concitata
484 2253 692 2333 multitudine,
715 2256 881 2320 moenibus
905 2264 1051 2346 agrisque
1075 2285 1167 2328 occu-

113 2361 195 2443 patis
219 2360 269 2421 sni
291 2377 398 2422 rursus
420 2361 497 2444 juris
521 2358 595 2421 laeti
617 2367 691 2421 sunt
713 2357 856 2443 Ephesii,
881 2360 968 2445 quod
992 2366 1166 2454 exemplum

113 2483 210 2546 quum
227 2459 389 2540 Tralliani,
411 2463 605 2549 Hypaepeni
621 2461 737 2546 aliique
758 2461 906 2526 nonnulli
927 2470 1028 2530 secuti
1052 2480 1166 2550 essent,

114 2563 330 2641 Mithridates,
360 2567 456 2629 misso
480 2567 637 2643 exercitu,
657 2567 690 2628 in
720 2563 906 2631 deficientes
928 2569 1033 2635 multis
1062 2573 1165 2639 modis

113 2667 278 2732 saeviebat
294 2669 351 2747 ¹³).
396 2670 479 2733 Pace
502 2669 639 2754 denique
661 2672 745 2734 inter
759 2669 972 2736 Mithridatem
997 2684 1029 2739 et
1049 2677 1167 2741 Roma-

113 2793 173 2837 nos
197 2774 384 2851 constituta,
413 2771 503 2837 Sulla
525 2774 684 2859 Ephesum
705 2777 794 2838 venit
821 2773 928 2861 ibique
950 2767 1067 2866 magno
1091 2802 1166 2846 con-

112 2885 211 2939 ventu
235 2875 359 2954 habito,
390 2875 538 2941 caedibus
568 2875 695 2962 quidem
722 2877 887 2957 abstinuit,
915 2883 1038 2968 ingenti
1059 2892 1165 2948 tamen

113 2981 250 3064 pecunia
279 2999 349 3042 cum
372 2999 497 3059 omnes,
519 2983 573 3067 qui
592 3003 610 3044 a
626 2979 818 3045 Mithridatis
840 2984 982 3067 partibus
1005 2994 1165 3066 steterant,

112 3181 155 3234 m.
174 3205 212 3220 -
231 3182 261 3232 a.
280 3182 368 3234 eune
385 3183 421 3247 v,
439 3180 465 3232 ι.
482 3203 520 3218 -
536 3183 636 3232 riorus
652 3183 702 3249 ru,
722 3179 765 3248 m,
783 3178 809 3230 3.
824 3175 850 3232 7.
870 3207 904 3218 -
922 3183 981 3232 mv.
1001 3186 1050 3246 nu.
1068 3181 1112 3234 so.
1132 3209 1164 3222 -

112 3266 213 3336 Vellej.
232 3269 340 3320 Patere.
360 3270 394 3338 11,
413 3265 439 3318 4.
510 3261 545 3332 ⁵)
568 3271 636 3330 App.
660 3271 689 3318 B.
711 3264 908 3318 erithraea
929 3265 970 3317 (ii.
990 3271 1077 3320 strab.
1090 3271 1164 3338 XIV,

113 3351 173 3407 646.
231 3350 261 3421 (i)
272 3358 340 3418 App.
353 3355 373 3404 1.
386 3355 405 3404 l.
419 3368 443 3406 o.
462 3351 507 3406 24.
521 3354 628 3404 -Liu
639 3354 709 3416 Epit.
724 3350 767 3404 78.
822 3347 935 3418 7)A1rp.
948 3354 983 3405 lh.
997 3368 1020 3404 ο.
1033 3354 1077 3406 23.
1131 3351 1165 3422 8)

115 3435 154 3492 Οὗ
167 3438 241 3509 φόβῳ
254 3438 431 3510 Μιθριδάτου
448 3437 555 3510 μᾶλλον,
572 3435 591 3508 ι)
607 3436 830 3510 μίσειῬωμαίωι.
841 3443 909 3502 App.
928 3441 957 3491 11.
970 3440 1059 3490 Mitnr.
1079 3454 1102 3491 o.
1121 3440 1165 3493 23.

112 3523 146 3591 9)
162 3521 291 3596 Ἐφεσίων
315 3527 342 3577 δὲ
365 3527 411 3576 καὶ
426 3523 561 3594 Ῥωμαίων
580 3522 678 3585 εἰκόνας
702 3525 751 3584 τὰς
774 3524 850 3596 παρὰ
873 3543 944 3594 σφισι
964 3522 1166 3596 καθαιρούντων

112 3613 147 3663 lh.
166 3626 192 3662 o.
210 3611 257 3662 22.
275 3613 311 3662 of.
330 3625 354 3661 ο.
373 3609 420 3662 61:
440 3611 687 3670 ιιοιιιιιαιῖοιίσαιιιι’,ι
781 3606 895 3680 Ἐφέσιοι
913 3648 988 3662 .....
1007 3615 1032 3670 ἐς
1048 3611 1083 3664 τὰ
1101 3609 1166 3664 ‘Pu-

112 3701 198 3766 μαίων
216 3691 383 3766 ἀναθήματα
402 3695 585 3768 ἰξυβρίοοιιιις.
660 3693 709 3763 10)
732 3702 801 3760 App,
818 3699 837 3748 l.
856 3695 979 3748 1.c.23.
999 3725 1031 3736 -
1052 3699 1166 3750 Orosius

114 3786 162 3851 vl,
179 3783 208 3851 2,
232 3799 258 3847 p.
277 3781 331 3834 37⁰
349 3778 411 3849 (ed.
429 3779 627 3850 Haverkarnp).
645 3809 682 3822 -
705 3781 746 3834 Oi.
765 3785 824 3834 Liv.
842 3783 914 3846 npit.
933 3783 952 3833 l.
971 3780 1015 3834 18.
1039 3807 1076 3819 -
1097 3787 1165 3835 Elo-

113 3881 160 3920 ms
183 3872 239 3936 111,
258 3868 277 3920 5
299 3874 328 3922 'et
346 3883 413 3934 quos
436 3872 530 3922 laudat
553 3873 725 3934 Haverkamp
744 3855 813 3922 adl.
833 3871 852 3921 1.
954 3863 1005 3933 11)
1022 3873 1091 3932 App.
1109 3871 1128 3919 l.
1146 3871 1165 3918 1.

114 3969 140 4006 ο.
158 3951 230 4023 (dd)
248 3955 292 4009 48.
385 3953 436 4022 ln)
454 3958 542 4008 Aliter
561 3957 675 4008 Orosius
696 3955 715 4007 1.
733 3959 753 4006 1.
771 3971 797 4020 p.
816 3953 878 4006 371.
898 3979 932 3992 -
948 3952 1086 4017 Ephesii.
1105 3989 1112 4005 .
1132 3989 1139 4004 .
1158 3989 1165 4004 .

15 4067 19 4078 ·
114 4045 228 4094 excluso
247 4043 385 4106 praesidio
403 4039 464 4106 eiras
481 4049 575 4107 portas
588 4041 755 4108 objecerunt,
774 4041 899 4092 similiter
911 4041 1065 4110 smyrnaei,
1078 4039 1166 4108 Sardi,

15 4139 17 4218 ἶ
114 4125 278 4196 Colophonii
296 4129 480 4194 Trallianique
498 4131 631 4182 iecerunt.
705 4122 757 4193 13)
775 4130 843 4191 App.
863 4141 887 4178 e.
905 4124 1014 4271 458..-
