2866 4736
98 469 213 526 eontra
238 461 351 524 Persas
374 469 583 546 susceperuut
612 459 772 546 expeditio
803 471 835 528 et
857 418 987 550 Epheso
1011 421 1157 552 proiecta

98 575 149 629 est
172 573 206 628 et
229 563 376 649 Ephesiis
400 563 532 628 ducibus
556 574 723 650 suscepta..
774 567 933 664 Ephesum
958 571 1040 634 eninr
1063 569 1158 656 quum

98 677 268 752 terrestres
290 659 404 732 Ionum
429 681 460 732 et
482 667 613 732 novales
636 671 751 754 copiae
773 674 1014 752 convenissent,
1043 679 1158 739 exerci-

97 783 151 836 tus
174 770 261 850 inde,
283 770 417 850 navibus
438 774 473 835 iu
496 757 639 838 Coresso
666 771 785 838 relictis
813 774 873 854 (cl.
896 797 923 840 c.
946 776 977 854 1,
997 776 1027 861 §.
1050 777 1102 858 2.)
1126 787 1158 842 et

87 877 256 962 Ephesiis,
271 885 308 939 ut
324 873 395 952 dixi,
409 873 545 940 ducibus
560 896 619 960 per
635 874 1026 962 campum-Caystrianum,
1038 881 1156 947 Tmolo
1234 933 1238 941 .

97 989 262 1066 snperato,
285 975 402 1043 Sardes
425 978 588 1064 proiectus
612 989 673 1054 est;
703 979 818 1066 quibus
840 989 967 1064 praeter
990 983 1156 1069 acropolin

97 1086 199 1170 captis
220 1085 266 1163 ¹⁷)
288 1091 323 1145 et
344 1080 525 1169 deflagratis
544 1083 592 1160 18)
615 1082 825 1148 citissime'ad
840 1083 948 1171 fugam
964 1107 998 1151 se
1013 1088 1156 1174 recipere

97 1191 204 1253 coacti
226 1195 301 1250 sunt
316 1185 365 1264 ιο)
388 1196 420 1250 ct
440 1188 473 1249 in
495 1189 564 1272 ipsa
587 1179 799 1273 Ephesiorum
821 1186 875 1254 vel
896 1187 975 1254 urbe
997 1190 1155 1257 volterra
1268 1269 1270 1274 ¹

97 1295 186 1378 capti
207 1309 386 1377 magnaque
410 1287 501 1354 dede
522 1288 635 1354 'allecti
652 1291 711 1372 ²⁰).

192 1393 276 1456 Victi
305 1402 425 1474 autem,
453 1392 529 1458 licet
552 1395 793 1460 Atheniensium
822 1393 939 1458 auxilio
951 1398 1083 1482 ..privati
1098 1399 1154 1478 ²¹),

96 1497 220 1562 bellum
239 1505 288 1560 sat
309 1493 446 1560 feliciter
468 1497 707 1578 continuaruntr
731 1519 825 1582 quum
848 1519 936 1578 vcro,
958 1503 1058 1586 captis
1081 1499 1155 1565 Cla*

97 1603 242 1664 nomenis
257 1609 288 1664 et
302 1597 415 1684 Cymis
432 1601 489 1680 ἱ3),
512 1601 682 1667 interiecto
698 1601 882 1688 Aristagora
894 1603 951 1682 ²³),
973 1604 1084 1667 Ioniae
1100 1603 1154 1668 de-

98 1707 199 1790 nique
219 1706 350 1790 imperio
374 1702 414 1766 ad
429 1704 604 1770 Histiaeum
628 1703 736 1770 delato
753 1705 807 1782 ²⁴),
830 1723 964 1793 magnos
986 1715 1152 1793 praeterea

97 1807 140 1872 ed
169 1806 316 1872 Miletum
344 1807 590 1895 oppugnandam
621 1813 790 1894 apparatus
818 1807 890 1872 lieri
916 1809 1064 1875 audirent
1089 1812 1152 1890 ²-⁵):

97 1931 210 1976 omnes
225 1907 328 1975 'lones
357 1911 482 1999 legatos
511 1910 552 1976 ad
581 1915 760 1976 universam
787 1914 821 1975 in
843 1912 1001 1978 Panionio
1024 1917 1152 1978 concio-

96 2035 171 2080 nem
192 2017 352 2094 miserunt,
375 2019 429 2100 qui
444 2015 589 2082 Miletum
612 2015 779 2080 moenibus
801 2015 997 2103 cingendam,
1021 2017 1151 2082 classem

97 2117 320 2204 complendam
350 2137 419 2184 esse
449 2118 660 2185 decreverunt
687 2117 945 2205 completumque·
970 2120 1010 2184 ad
1032 2119 1151 2184 Ledam
1271 2111 1298 2152 ’·

97 2225 275 2288 consistere
296 2223 470 2308 jusserunt,
493 2221 580 2286 unde
602 2225 629 2285 si
652 2243 733 2306 opus
757 2221 855 2298 foret,
883 2222 1031 2286 auxilium
1053 2222 1152 2285 ferret

52 2359 54 2374 ·
98 2325 233 2392 Milesiis
249 2325 309 2406 ²⁶).
354 2324 453 2409 Quod
476 2328 503 2388 si
526 2327 595 2411 quis
618 2327 748 2388 miretur
768 2325 802 2386 in
824 2323 916 2412 hujus
940 2323 1046 2386 classis
1070 2334 1173 2390 cata,
1203 2411 1205 2420 y

96 2430 176 2519 logo
199 2429 319 2494 nullam
335 2430 375 2494 ab
392 2430 537 2516 Ephesiis
561 2436 786 2492 exstructarum
808 2428 934 2490 navium
956 2430 1150 2491 mentionem

95 2535 168 2600 fieri
186 2533 250 2615 ²⁷),
281 2531 316 2596 id
343 2535 387 2597 ita
415 2541 536 2598 tantum
567 2529 717 2616 explicari
752 2538 875 2616 potest,
898 2538 946 2608 ut,
985 2551 1079 2616 quum
1109 2529 1153 2598 de
1244 2553 1252 2560 ·

95 2639 184 2703 bona
200 2637 410 2722 Ephesiorum
425 2635 591 2700 voluntate
607 2633 753 2698 dubitare
772 2630 968 2719 nequaquam
982 2633 1079 2698 liceat
1093 2635 1150 2715 ²⁸),
1217 2645 1234 2718 ‘-

96 2752 152 2808 aut
174 2749 341 2806 terrestres
354 2740 441 2805 ‚belli
463 2748 632 2825 apparatus
654 2740 853 2823 susceperint
880 2737 1011 2822 Ephesii
1025 2739 1074 2818 ²⁹)
1096 2747 1152 2801 aut

96 2847 173 2912 urbs
201 2849 269 2932 jam¹
293 2853 358 2908 tum
388 2845 533 2908 a'Persis
562 2853 717 2928 occupata
739 2840 834 2905 fuerit
849 2841 898 2921 ³⁰)
928 2839 981 2904 vel
1008 2840 1150 2918 navibus,

98 2971 181 3036 quae
202 2952 236 3026 in
257 2959 354 3034 portu
377 2957 474 3026 erant,
496 2950 530 3010 in
551 2966 666 3032 magna
687 2941 741 3007 illa
758 2943 955 3009 Graecorum
977 2942 1069 3008 clade
1090 2947 1152 3028 pri«

98 3064 181 3118 vata.
225 3055 264 3118 ln
285 3051 397 3117 malam
420 3071 496 3115 sane
518 3061 640 3134 partem
655 3047 783 3112 fatalem
803 3050 897 3110 istum
912 3066 1052 3110 errorem
1066 3043 1151 3108 haud
1179 3065 1187 3088 κ

169 3333 221 3400 17)
241 3335 425 3404 Her.v‚100.
484 3328 534 3399 18)
554 3331 678 3384 Fortuito
697 3331 787 3396 potius
805 3342 882 3398 casu,
901 3341 979 3394 quam
998 3330 1151 3380 edraeco-

94 3439 153 3478 rum
174 3423 292 3475 consilio
310 3417 425 3490 v,'lol.
500 3415 550 3486 19)
568 3409 711 3470 Persarum
726 3418 795 3468 enim
803 3417 946 3468 exercitus
965 3419 1061 3467 contra
1074 3427 1151 3477 spem
1231 3457 1233 3461 .

95 3509 290 3576 ressapnerni,
314 3509 372 3560 arci
394 3509 515 3572 incluso,
539 3505 667 3557 auxilium
690 3503 762 3555 tulit.
841 3497 893 3568 20)
912 3503 1039 3573 Atptourc
1056 3495 1152 3559 αὐτοὺς
1207 3493 1210 3498 ’

95 3603 120 3649 ir
135 3593 297 3667 'Epicurio
312 3597 349 3664 V,
369 3593 429 3648 102.
504 3589 559 3654 21)
576 3593 612 3659 V,
632 3587 692 3642 103.
768 3584 821 3654 22)
835 3585 904 3640 lttd.
923 3602 947 3640 o.
967 3587 1028 3640 123.
1097 3582 1151 3651 23)

95 3685 163 3738 raia.
182 3697 208 3734 e.
232 3681 293 3734 126.
364 3677 612 3746 nr>uer.v1,s.
684 3673 737 3736 25)
757 3675 822 3726 rua
906 3669 958 3740 so)
977 3675 1041 3724 uer.
1059 3674 1107 3734 vr,
1126 3670 1151 3722 7.

75 3766 150 3835 27)
170 3772 221 3837 vl,
240 3768 267 3822 8.
285 3770 321 3820 ib.
392 3763 446 3830 28)
468 3766 545 3827 Quod
564 3767 593 3814 et
610 3761 696 3825 prima
713 3761 778 3812 belli
796 3760 932 3823 expetitio
951 3761 980 3810 et
997 3759 1152 3810 universum

95 3859 194 3912 {onum
212 3855 240 3907 in
258 3853 401 3918 Panionio,
419 3851 505 3915 ipsius
523 3848 657 3912 Ephesiae
675 3849 757 3914 iube,
777 3846 920 3898 concilium
938 3843 1007 3896 satis
1024 3853 1151 3904 compro-

96 3923 171 3994 lrent.
245 3937 297 4006 29)
316 3940 366 3992 His
384 3937 469 4005 enim,
492 3937 546 3988 etsi
568 3938 714 3986 terrestres
739 3933 832 3997 copias
850 3935 947 3984 contra
964 3932 1068 3980 Persas
1083 3930 1152 3980 haud

95 4039 198 4092 parare
211 4029 313 4080 diserte
327 4027 509 4078 decreverunt
525 4025 607 4074 lones
625 4015 686 4088 (vl,
700 4015 750 4087 7.),
769 4029 935 4084 nequaquem
947 4021 1037 4069 tamen
1056 4025 1152 4067 carere
1231 4080 1237 4100 ἱ

96 4117 257 4180 potueumt.
306 4127 309 4135 ¹
328 4107 381 4179 30)
401 4113 501 4164 Persae
518 4101 591 4162 enini
608 4111 701 4189 hostes
720 4110 839 4177 ulpicum
855 4109 880 4158 to
892 4100 989 4174 Ἐφέσῳ
1008 4105 1044 4155 ct
1062 4111 1153 4164 supra.
