2910 4726
280 307 351 380 18⁴1

279 509 435 556 marmore
462 488 659 555 aedificatam
687 487 944 574 pulcer-rimisque
975 487 1164 576 anaglyphis
1187 497 1333 554 ornatam

278 593 462 676 (Prokesch
483 615 514 679 p.
540 579 633 673 toi).
679 591 728 654 Ad
744 595 900 658 sinistram
915 601 1018 658 autem
1041 593 1133 678 liujus
1148 597 1230 673 viae,
1252 615 1336 679 quae

279 697 407 763 sedibus
430 695 591 782 quondam
614 716 651 759 ex
674 706 807 780 utraque
828 705 918 781 parte
941 708 1053 760 ornata
1076 706 1145 760 erat
1165 697 1335 776 (Pocoekc

161 829 165 855 ι
278 823 310 888 p.
332 804 406 881 69),
426 799 480 864 vel
501 797 675 885 porticibus
698 796 855 879 (Chandl.
873 823 905 885 p.
925 801 997 866 173.
1024 801 1172 886 Poujoul.
1187 825 1219 886 p.
1234 803 1336 882 290),

277 907 392 991 iugens
413 902 591 968 aedificium
621 911 685 980 est,
712 905 798 966 circo
828 907 1026 988 oppositum,
1054 905 1190 970 arcubus
1215 914 1335 970 exstru-

279 1017 362 1072 ctum
385 1017 418 1072 et
439 1025 560 1071 summo
584 1003 757 1091 splendore
780 1004 979 1072 aedificatum
1003 1010 1099 1089 (3-1).

365 1112 438 1174 Jam
459 1112 569 1197 igitur,
591 1112 619 1172 si
640 1109 749 1194 puteal
772 1109 899 1175 candidi
925 1115 1087 1176 mansoris
1111 1110 1249 1197 adjicias,
1273 1121 1334 1176 sta-

278 1212 333 1278 ‹lio
356 1216 434 1278 citra
454 1217 536 1278 viam
560 1215 742 1298 oppositum
765 1215 862 1293 (35),
886 1213 1039 1278 aedificiis
1062 1215 1225 1291 omuibus,
1248 1237 1332 1300 quae

172 1373 177 1388 .
278 1337 315 1382 ex
337 1320 437 1382 ruinis
459 1319 614 1404 cognosci
636 1327 780 1401 possunt,
810 1323 1014 1396 enumeratis,
1038 1319 1078 1382 de
1102 1319 1332 1402 aequaedu-

278 1421 424 1500 ctibus,
446 1420 522 1484 licet
537 1429 622 1484 extra
638 1420 749 1484 urbem
764 1423 842 1500 sitis,
864 1439 965 1506 pauca
983 1421 1118 1486 dicenda
1134 1431 1217 1486 snut.
1241 1421 1333 1506 Quo-
1430 1487 1433 1494 ,

276 1543 345 1588 rom
367 1544 465 1603 nnus,
487 1525 637 1609 Pactyam
660 1545 731 1588 cum
753 1545 854 1609 parvo
878 1525 1069 1604 monticulo,
1098 1529 1132 1588 iu
1155 1547 1219 1610 quo
1244 1530 1333 1613 Ajas-

276 1625 333 1692 lulr
363 1637 423 1706 cst,
452 1629 669 1715 conjungens,
698 1626 739 1690 ad
768 1629 923 1692 orientem
951 1631 1099 1706 excurrit,
1123 1628 1332 1718 quadraginta

276 1733 415 1814 quinque
443 1729 497 1794 vel
526 1751 593 1794 uno
623 1741 656 1794 et
683 1733 908 1818 quinquaginta
940 1732 1075 1796 arcubus
1103 1735 1270 1818 impositus
1301 1747 1332 1799 et

275 1833 470 1918 temporibus
498 1835 684 1918 Byzantinis
713 1853 751 1896 ex
779 1836 877 1919 ipsius
907 1837 1027 1921 Ephesi
1055 1838 1153 1900 minis
1184 1837 1331 1902 aedifica-

275 1943 325 1998 tus
342 1938 429 2015 (36);
452 1934 533 1998 alter
555 1940 636 1999 viam
658 1937 752 2014 illam,
776 1959 857 2022 quae
873 1938 996 2002 Scalam
1012 1961 1128 2004 novam
1151 1940 1220 2018 lert,
1243 1961 1332 2006 secu

276 2046 335 2114 tus,
358 2035 398 2099 ad
419 2035 583 2101 meridiem
607 2039 784 2104 convallem
808 2045 920 2106 transit
947 2045 980 2106 in
1003 2047 1087 2130 jugis
1111 2043 1244 2108 Coressi
1267 2048 1329 2125 (37

274 2141 308 2203 in
329 2139 393 2204 tab.
417 2141 467 2220 l);
489 2144 573 2205 tertii
594 2163 666 2227 pars
696 2146 892 2228 conspicitur
919 2149 953 2210 in
975 2147 1158 2212 Selcunutis
1182 2147 1331 2226 convalli,
1379 2161 1382 2167 ’

275 2245 404 2330 triginta
426 2243 494 2318 lere
517 2244 617 2309 stadia
646 2246 807 2313 meridiem
836 2269 946 2312 versos
976 2250 1015 2314 ab
1045 2251 1123 2318 urbe
1154 2250 1331 2316 distasset

275 2346 374 2410 tribus
397 2347 545 2427 arcubuS,
569 2349 681 2434 quibus
704 2372 758 2414 sex
787 2353 924 2439 minores
954 2355 1092 2438 impositi
1115 2364 1189 2418 sunt
1212 2365 1331 2420 exstru-

275 2458 345 2514 ctus
367 2452 431 2530 (38
453 2454 487 2515 in
509 2452 572 2516 tab.
595 2454 640 2532 1).
685 2453 771 2516 luter
793 2454 878 2518 hunc
899 2455 1148 2541 aequaedoctom
1174 2469 1206 2522 et
1227 2461 1329 2543 ipsam

274 2551 384 2616 urbem
407 2553 516 2619 sacelli
539 2555 699 2641 cujusdam
720 2555 835 2621 rudera
859 2569 940 2638 suut,
961 2564 1045 2624 iuter
1059 2563 1148 2645 cujus
1165 2561 1329 2626 columnas

274 2664 307 2736 et
329 2655 476 2741 epistylia
499 2659 738 2744 inscriptionum
767 2661 942 2748 fragmenta
970 2667 1092 2728 invenit
1115 2666 1267 2750 Kiepart,
1295 2677 1329 2730 ut

271 2757 353 2822 ΕΡΙ
371 2803 483 2823 ......
513 2761 730 2836 ΤΥΜΒΟΣ;
753 2765 840 2830 unde
863 2765 903 2830 ad
925 2767 1103 2852 sepulcrum
1125 2769 1177 2832 vel
1195 2770 1327 2834 heroum

273 2859 388 2924 rudera
410 2863 528 2926 haecce
549 2869 740 2948 pertinuisse
762 2867 958 2955 intelligitur.

272 3128 407 3177 concnam
434 3129 559 3181 muroille
585 3131 801 3186 demicirculaire
827 3149 896 3188 avec
922 3151 975 3188 une
998 3139 1216 3200 porteiococlr.
1236 3155 1262 3203 p.
1282 3137 1326 3191 60.

271 3213 313 3260 Au
338 3214 386 3262 der
405 3213 581 3266 vorderseite
606 3218 649 3268 eiu
674 3219 873 3285 Schwibbogen
896 3225 1006 3274 claudi.
1030 3240 1055 3288 p.
1081 3223 1141 3275 170.
1177 3225 1325 3290 Dollaway

271 3312 297 3359 p.
315 3289 377 3348 219.
412 3299 550 3350 Prolresclr
567 3313 594 3362 p.
615 3299 674 3352 105.
747 3303 817 3371 (34)
836 3309 954 3361 Pococlr.
973 3325 999 3372 p.
1012 3308 1054 3360 60.
1092 3311 1203 3362 claudi.
1222 3327 1249 3374 p.
1263 3309 1325 3364 173.

269 3383 408 3434 Prokesclr
431 3399 457 3446 p.
482 3382 542 3434 1⁰5.
653 3383 723 3454 (36)
750 3393 960 3446 Marmortessin
987 3409 1041 3446 von
1070 3395 1103 3446 15
1130 3399 1195 3447 Fors
1222 3399 1325 3448 Radius

271 3467 383 3518 claudi.
402 3482 428 3530 p.
443 3466 502 3518 173.
575 3463 646 3536 (36)
663 3475 831 3529 tl'ourueiort
843 3481 870 3530 in
884 3481 1066 3542 explicatione
1080 3483 1196 3532 tabulae.
1211 3481 1323 3534 Chandl.

269 3566 296 3613 p.
315 3549 376 3600 164.
411 3554 557 3602 Prokeselr.
585 3569 611 3616 p.
639 3555 700 3609 127.
738 3565 874 3614 Hamilton
902 3579 928 3626 p.
955 3563 999 3614 25.
1040 3569 1186 3631 Dnllaway
1210 3583 1236 3631 p.
1260 3567 1323 3618 226.

269 3630 339 3700 (37)
357 3637 483 3686 Pocoolre
501 3651 527 3700 p.
547 3637 590 3689 71.
627 3641 761 3698 claudier
778 3663 804 3710 p.
822 3647 884 3698 200.
921 3651 1059 3702 Hamilton
1077 3667 1102 3714 p.
1123 3651 1166 3702 22.
1251 3650 1323 3719 (38)
1353 3707 1361 3736 ⁸

268 3718 501 3788 rononiense.
538 3723 673 3779 chanliet
690 3745 715 3792 p.
735 3729 796 3783 200.
832 3735 961 3786 ,arundeli
985 3737 1094 3788 Diseim.
1119 3753 1145 3800 p.
1164 3736 1225 3790 243.
1264 3739 1321 3791 De-

186 3804 197 3834 ‘'
226 3823 237 3846 ι
268 3805 386 3862 lineatus
404 3812 447 3860 cst
465 3822 509 3876 ep.
528 3809 797 3870 choiseul-couffier
818 3823 847 3870 et
864 3833 881 3870 a
899 3819 1048 3884 Kiepertio.
