2916 4722
1126 273 1171 346 Ἡ

206 459 326 546 lugens
349 455 476 522 videtur
506 477 655 520 numerus
686 477 847 521 causarum
878 457 990 536 fuisse,
1018 457 1173 544 siquidem

117 584 134 627 e
157 582 276 648 magna
299 561 520 639 rhetorum,
544 559 657 644 quihus
680 560 755 624 urbs
779 559 962 625 abundabat
983 563 1044 642 (cf.
1067 585 1094 626 c.
1117 563 1173 640 lv,

117 687 192 752 pag.
217 665 247 742 I,
276 663 304 749 ἓ.
327 665 379 745 3),
407 662 608 727 multitudine
637 665 796 748 conjicere
823 663 907 728 licet.
967 655 1021 728 sic
1048 668 1082 728 in
1109 687 1173 729 una

118 790 214 832 causa
229 771 277 832 rei
300 766 487 831 defensores
509 787 576 830 non
592 768 694 830 miuus
710 765 819 830 decem
834 769 1038 832 inveniuntur
1054 771 1111 848 ⁷⁴),
1133 767 1174 832 ad

117 871 207 958 quod
238 869 433 935 defendendi
462 891 576 934 munus
604 867 656 932 vel
687 890 825 932 summos
856 873 949 934 etiam
980 871 1174 956 reipublicae

117 977 320 1064 magistratus
336 972 539 1038 descendisse
553 973 664 1036 rhetor
678 975 830 1036 senatorii
845 973 966 1038 ordinis
983 972 1078 1039 docet
1090 974 1174 1060 apud

119 1082 248 1142 Tatium
265 1079 325 1159 ⁷⁵).
371 1077 467 1140 Mitto
497 1075 637 1163 singula,
666 1098 746 1161 quae
777 1076 861 1162 apud
892 1078 1019 1140 Tatium
1049 1079 1173 1142 obviam

118 1183 195 1246 mihi
218 1181 398 1258 factasunt,
422 1176 567 1257 ἐξέτασιν
582 1179 640 1260 77),
662 1175 842 1266 πρόκλησιν
859 1181 915 1259 77),
937 1175 1107 1262 βασάνους
1123 1181 1173 1261 77),
1225 1207 1230 1212 ’

118 1285 349 1373 συκοφαντίαν
371 1285 513 1370 punitam
530 1283 586 1361 ⁷⁹),
611 1281 663 1346 all.
687 1283 786 1346 fusius
811 1303 972 1357 enarrare;
997 1282 1094 1367 idque
1109 1292 1176 1346 tan-

119 1399 186 1453 tum
217 1386 348 1473 adjicio,
377 1384 469 1464 duas,
498 1395 626 1471 praeter
647 1384 748 1464 illam,
778 1385 818 1449 de
842 1407 902 1470 qua
926 1407 1020 1470 supra
1044 1384 1175 1450 diximus

119 1489 215 1576 ἡμῶν
237 1490 352 1574 μηδεὶς
374 1484 534 1568 ὀνήιστος,
559 1489 770 1574 Ephesiorum
792 1487 880 1575 leges
896 1491 1067 1552 memoriae
1082 1487 1176 1552 tradi-

119 1607 169 1659 tas
185 1607 266 1672 esse,
288 1613 382 1656 unam
398 1585 458 1656 τὸν
480 1589 583 1656 αὑτοῦ
604 1587 802 1656 κατειπόντα
825 1587 990 1657 τεθνάναι
1013 1591 1096 1678 apud
1114 1595 1176 1656 Ta-

120 1702 201 1763 tium
217 1699 274 1777 ⁸⁰),
297 1696 435 1774 alteram,
458 1717 539 1781 quae
563 1694 603 1760 de
629 1695 782 1762 aedificiis
800 1694 936 1782 publicis
960 1695 1176 1761 conducendis

119 1811 179 1880 est,
203 1799 289 1887 apud
311 1801 493 1865 Vitruvium
512 1799 574 1880 81).

117 1965 325 1980 μ

196 2059 249 2130 74)
266 2067 327 2116 'l'at
345 2067 407 2134 Vll,
426 2063 452 2118 8.
535 2061 588 2131 75)
606 2069 680 2134 vili,
701 2065 734 2118 iu
752 2080 778 2130 p.
796 2065 858 2119 697.
949 2062 1002 2134 76)
1020 2069 1059 2119 ib.
1078 2069 1140 2134 vn,
1159 2064 1177 2117 8

119 2169 149 2218 p.
168 2151 232 2204 674.
304 2148 356 2218 77)
373 2155 412 2203 lb.
426 2153 499 2216 Vlll,
517 2149 534 2202 8
552 2153 597 2203 ubi
616 2155 730 2204 Salmas.
750 2157 778 2204 ct
790 2157 855 2205 liud.
873 2169 900 2216 p.
915 2152 976 2204 763.
1047 2147 1099 2218 78)
1111 2155 1177 2203 Auli.

119 2242 184 2292 'l'at-
204 2255 231 2302 ι).
250 2235 312 2290 608.
384 2233 437 2304 79)
454 2240 493 2288 lb.
512 2237 587 2304 vrri,
608 2235 651 2303 11,
670 2253 696 2299 p.
715 2235 776 2286 704.
848 2233 1177 2305 80)1u.vrr,11,pag.

118 2323 184 2376 668.
258 2319 311 2390 81)
329 2328 409 2376 Arch.
428 2324 474 2375 lib.
492 2323 518 2374 X
536 2323 621 2384 praef.
657 2322 747 2372 Nobili
766 2325 933 2374 Graecorum
956 2328 984 2374 et
1002 2325 1090 2386 amplo
1108 2322 1178 2372 oiri-

119 2419 195 2478 tate,
213 2411 323 2476 Ephesi,
342 2413 387 2460 lex
405 2414 513 2461 vetusto
532 2409 664 2459 dicituro
686 2405 833 2474 majoribus
856 2412 923 2460 dura
946 2409 1111 2475 conditione,
1131 2411 1177 2460 sed

114 2495 185 2563 jure
205 2509 259 2546 nou
277 2496 368 2560 iniquo
387 2497 546 2547 constituta.
582 2497 649 2545 Nam
668 2494 845 2561 architectus,
872 2509 932 2546 oum
951 2495 1087 2557 publicum
1110 2508 1179 2558 opus

118 2584 273 2634 curandum
295 2581 393 2645 recipit
416 2582 578 2648 pollicetur,
602 2585 703 2644 quanto
722 2586 810 2632 sumtu
828 2581 855 2632 id
877 2581 914 2632 sit
932 2583 1061 2649 intritum,
1080 2581 1180 2632 traditu

118 2667 317 2721 aestimatione
335 2667 506 2733 magistratui
524 2669 595 2720 bona
613 2664 674 2734 ejus
692 2668 856 2736 obligantur,
875 2670 962 2720 donec
974 2681 1043 2732 opus
1060 2668 1097 2719 sit
1113 2680 1179 2730 per-

119 2757 229 2807 fectum
247 2755 313 2804 cett.
334 2781 366 2792 -
