2916 4722
1116 271 1184 341 lll

134 454 205 516 sive
228 453 305 514 vicis
328 448 368 514 ad
392 448 540 536 templum
564 451 793 534 pcrtinentibus
810 451 866 532 6l),
893 473 930 516 cx
951 451 1187 517 venditionibus

93 568 97 574 ‘
135 555 277 639 denique
293 553 350 633 68),
373 553 512 638 aliisque,
535 563 571 617 ut
584 553 717 634 videtur,
740 553 917 620 actionibus
932 553 1114 619 forensibus
1130 557 1187 635 ⁶⁹).

225 659 338 742 Neque
361 657 420 720 hae
443 656 532 728 solae
547 661 703 743 pecuniae
719 669 815 738 erant,
837 680 918 744 quac
940 658 1109 744 intemplo
1125 681 1188 724 scr-

130 770 293 826 varentur.
338 760 421 823 Nam
450 771 586 846 proptor
613 783 758 848 magnam
787 765 999 839 securitatem,
1029 783 1124 847 quae,
1152 773 1189 826 ut

130 864 245 952 templi
267 867 449 944 sanctitate,
471 868 517 930 sic
539 869 631 929 ctiam
654 887 773 930 summa
796 866 1004 950 Ephesiorum
1029 868 1110 928 circa
1134 864 1189 929 de-

129 972 238 1055 posita
260 967 420 1052 probitate
443 968 602 1032 nitebatur
617 970 680 1048 ⁷⁰),
702 966 876 1054 permultos
905 978 938 1031 et
965 966 1132 1054 indigenas
1157 979 1189 1033 et

127 1075 328 1160 peregrinos,
352 1081 385 1134 et
406 1075 548 1156 privatos
578 1081 610 1136 ct
631 1093 734 1160 reges,
756 1093 794 1135 ac
814 1070 868 1135 vel
889 1074 973 1156 ipsus
996 1092 1124 1157 quoque
1148 1074 1188 1134 ci·

127 1179 245 1241 vitetes
266 1177 432 1261 pecuniam
453 1175 499 1239 ihi
521 1173 709 1261 deposuisse
737 1169 862 1240 constat
877 1176 945 1254 ⁷¹).

593 1349 621 1440 §-
669 1355 720 1420 ιο.

222 1491 305 1558 Cum
327 1495 375 1572 iis,
399 1515 479 1578 quae
503 1492 543 1558 de
559 1495 777 1560 sacerdotibus
794 1491 967 1582 virginibus
989 1491 1088 1560 modo
1113 1491 1188 1560 dixi-

128 1621 210 1676 mus,
231 1595 311 1662 illud
334 1617 462 1682 quoque
479 1601 649 1662 arctissime
666 1600 823 1678 cohaeret,
847 1599 965 1664 aditum
981 1599 1091 1685 templi
1108 1621 1191 1664 non-·
1293 1613 1296 1618 '

128 1706 193 1767 nisi
215 1701 390 1789 virginibus
421 1710 454 1765 et
481 1704 556 1764 viris
582 1706 737 1787 patuisse,
767 1702 876 1767 liberis
902 1725 980 1768 vero
1003 1704 1187 1768 mulieribus

129 1816 164 1870 et
186 1805 403 1870 meretricibus
421 1803 523 1889 plane
546 1806 747 1871 interdictum
773 1807 870 1870 fuisse
889 1809 928 1888 ¹),
952 1829 1082 1893 quarum
1107 1829 1188 1893 quae

128 1910 213 1974 hanc
234 1908 338 1996 legem
361 1908 512 1972 violarint
533 1909 765 1996 antiquioribus
787 1910 983 1997 temporibus
1007 1921 1108 1976 morte
1131 1933 1188 1997 pua

129 2015 220 2080 uitae
244 2009 394 2076 dicuntur
409 2014 452 2092 ²).

221 2115 315 2178 Arma
337 2119 370 2178 in
393 2114 528 2202 templo,
558 2119 676 2202 quippe
704 2115 881 2202 supplicum
904 2116 976 2180 Dea
1008 2125 1103 2202 atque
1126 2119 1188 2180 ἱκε-

110 2218 189 2282 ’σία
211 2217 323 2280 Diana*
338 2217 440 2298 fuerit,
462 2239 575 2306 gerere
603 2223 734 2284 vetitum
765 2227 832 2284 erat
847 2219 896 2296 8);
926 2240 1023 2302 quare
1048 2227 1188 2282 armatae

128 2321 318 2385 saltationes
341 2321 426 2408 apud
449 2321 677 2388 Callimachum
693 2325 728 2402 ⁴)
758 2320 853 2386 fictae
882 2341 1014 2405 prorsus
1038 2321 1187 2386 videntur

977 2445 982 2474 ι

201 2531 255 2600 67)
275 2533 312 2586 Τὸ
330 2537 360 2603 ἐμ
377 2531 509 2606 Πανόρμῳ
527 2551 553 2586 v.
571 2533 615 2586 28.
638 2557 674 2570 -
696 2535 827 2586 Fortasse
844 2549 870 2584 v.
889 2532 925 2584 25
947 2533 1022 2604 παρὰ
1042 2534 1093 2586 τοῦ
1106 2531 1189 2605 Ῥαμ-

128 2641 180 2674 νων
199 2613 228 2672 .’.
242 2655 269 2670 ..
289 2619 371 2672 deson
386 2617 481 2690 χώραν.
557 2617 610 2686 68)
624 2621 678 2672 Τῶν
697 2620 731 2672 τὰ
749 2625 833 2689 ἕγγειιι
851 2619 914 2690 τέλη
931 2617 1081 2692 πριαμένων
1099 2637 1126 2672 v.
1144 2620 1189 2674 40.

128 2701 186 2771 69)
203 2709 237 2758 Ε.
255 2720 285 2770 g·
302 2721 327 2755 v·
346 2703 381 2756 38
404 2705 438 2756 τὸ
456 2702 703 2773 incommunicati
725 2704 771 2776 τῆς
789 2705 937 2776 epyniceus.
1027 2704 1079 2771 70)
1096 2711 1188 2771 Ephe-

127 2794 234 2844 siorum
251 2792 280 2842 in
298 2792 439 2842 servandis
458 2793 559 2844 divitiis
580 2795 743 2856 probitatem
766 2795 877 2846 summis
900 2793 1024 2844 laudibus
1047 2794 1120 2846 tollit
1136 2794 1189 2846 Dio

128 2877 345 2941 chrysostomus
364 2891 403 2928 or.
422 2880 512 2930 XXXI
529 2875 709 2946 (Rhodiam),
729 2881 775 2930 uhi
793 2883 821 2930 et
838 2879 945 2943 publice
964 2883 997 2930 de
1014 2880 1048 2930 iis
1066 2880 1189 2932 rationes

126 2963 251 3015 redditas
269 2959 399 3014 affirmat:
418 2967 482 3023 ἔθος
501 2959 570 3016 crisci
587 2973 643 3023 τοῖς
658 2961 786 3036 Ἐφεσίοις
804 2959 1013 3033 ιἰπογράφεσθαι
1030 2981 1056 3027 p.
1075 2965 1127 3016 535
1147 2969 1189 3016 od.

126 3049 223 3100 Belsll·
332 3043 452 3114 71)1)λο
472 3049 613 3112 Chrysosi.
631 3053 649 3100 l.
668 3052 687 3099 l.
711 3048 793 3099 πολλὰ
816 3048 939 3116 χρήματα
964 3048 999 3098 τὰ
1016 3053 1062 3116 μὲν
1081 3045 1189 3098 ἰδιωτῶν

126 3129 294 3202 &musculive
313 3167 403 3186 .....
424 3129 470 3186 οὐκ
486 3129 610 3203 Ἐφεσίων
632 3129 718 3202 μόνων
742 3130 806 3182 ἀλλὰ
830 3134 875 3182 sul
901 3134 976 3188 ξένων
995 3157 1027 3168 -··
1046 3129 1081 3181 τὰ
1101 3132 1127 3181 δὲ
1145 3133 1190 3181 καλ

126 3219 218 3288 δήμων
236 3221 282 3271 καὶ
295 3215 428 3285 βασιλέων.
447 3247 481 3256 -
498 3220 619 3281 Xenoph.
644 3220 749 3268 Hellen.
773 3219 811 3284 V,
830 3215 862 3283 3,
885 3213 903 3266 6
921 3231 959 3266 ss.
994 3217 1073 3280 Diog.
1093 3218 1185 3266 huert.

125 3303 283 3368 Xenophon
301 3305 327 3356 7.
344 3329 379 3342 -
398 3304 439 3356 Cf.
457 3307 593 3356 Buchhoiz
610 3305 725 3356 Jounnul
747 3302 793 3354 fiir
809 3304 993 3354 Deutschlund
1010 3304 1046 3368 X,
1064 3300 1082 3352 3
1100 3297 1189 3367 (apud
1211 3293 1216 3299 ’

125 3393 200 3443 nire.
218 3394 328 3442 Nachtr.
352 3407 377 3454 p.
397 3385 431 3455 6)
460 3393 513 3458 „In
536 3391 620 3442 Asien
642 3403 702 3441 war
725 3391 773 3440 der
796 3389 985 3452 Dianatempel
1007 3401 1042 3439 nu
1064 3389 1189 3451 Ephesus

126 3477 173 3528 die
191 3477 378 3528 herihmteste
393 3469 490 3528 Bank“
507 3499 544 3512 -·-
560 3477 672 3543 „dieser
684 3477 796 3539 Tempel
813 3487 874 3526 wer
890 3477 960 3542 also,
978 3489 1039 3528 was
1058 3475 1102 3526 die
1114 3476 1190 3527 Bunk

126 3576 185 3614 von
205 3565 320 3614 Loudon
337 3563 366 3614 in
386 3575 504 3614 unseren
523 3562 621 3614 zelten
637 3555 705 3612 ist.“

202 3662 237 3732 l)
256 3666 293 3718 Τὸ
310 3665 424 3718 παλαιὸν
442 3661 542 3730 ἄβατος
559 3660 589 3734 ἦν
608 3663 641 3732 (ὁ
655 3661 732 3731 ναὸς)
744 3666 856 3734 γυναιξὶν
868 3660 1027 3735 ἐλευθέραις,
1040 3660 1150 3735 ιλνιλριλσι
1162 3665 1194 3716 δὲ·

126 3755 310 3821 ἐπετέτραπτο
330 3754 374 3802 καὶ
391 3756 537 3821 παρθένοις
555 3753 650 3803 Achill.
671 3755 728 3802 dat.
748 3753 810 3818 Vll,
830 3749 872 3802 13.
960 3746 995 3815 2)
1014 3751 1109 3802 achill.
1129 3753 1188 3800 'rat

126 3825 241 3889 n1.'-
260 3837 422 3889 arcendum.
447 3837 593 3888 onirocrit.
615 3840 664 3904 lv,
682 3836 708 3887 4.
741 3867 772 3876 -
802 3837 975 3904 Artemidori,
995 3837 1040 3900 qui
1058 3835 1189 3886 Hadriani

127 3923 255 3987 aequalis
274 3927 343 3989 erat,
363 3927 455 3974 aetate
473 3936 539 3974 usus
556 3923 603 3974 ille
621 3920 681 3988 jam
704 3924 799 3972 dudum
823 3925 964 3974 obsoletus
987 3926 1047 3973 erat
1069 3925 1097 3973 et
1119 3933 1190 3972 non·

126 4010 186 4062 nisi
203 4023 220 4060 e
238 4009 386 4062 traditione
403 4008 539 4072 cognitus.
616 4005 651 4074 3)
670 4010 759 4072 libyca.
778 4011 854 4074 Mgn.
872 4024 895 4060 s.
914 3994 1074 4077 vs'llcpsuoc.
1152 4001 1191 4070 d)

125 4099 232 4160 Hymn.
250 4095 329 4148 Dian.
348 4109 373 4144 v.
392 4091 445 4144 241
464 4106 501 4144 ss.
762 4083 767 4094 '
