2916 4722
249 305 251 312 s
274 253 325 327 62

277 447 368 505 ortae
390 436 510 502 luerint
529 436 589 516 ⁴⁷).
649 433 868 520 Quapropter,
895 433 1076 519 Lysimachi
1102 442 1205 498 morte
1235 444 1333 521 atque

276 539 404 608 Seleuci
431 539 565 603 victoria
601 540 649 618 (a.
678 539 765 618 281)
795 539 931 624 cognitis
955 538 1017 616 ⁴⁸),
1051 538 1182 623 Ephesii
1219 539 1332 618 invisa,

277 645 391 732 quihus
417 640 625 728 Lysimachus
653 640 763 706 urbem
792 639 1043 705 circumdederat
1069 643 1196 705 moenia
1226 641 1333 708 dirue·

276 756 364 826 runt,
386 755 497 832 portas
521 754 726 831 aperueruut,
748 747 845 830 inque
867 753 988 808 tautum
1008 742 1121 830 populi
1143 743 1235 808 furor
1256 767 1332 831 pro

277 852 387 926 cessit,
409 857 446 912 ut
466 850 618 926 Arsinoe,
646 869 728 934 quac
749 847 918 913 interiecto
941 851 1053 912 manto
1077 847 1138 910 huc
1159 868 1195 911 se
1217 859 1332 914 contu-

277 952 367 1031 lerat,
389 959 523 1016 mortem
544 954 596 1024 vix
618 951 762 1039 effugere
776 952 942 1036 'potuisset
957 951 1015 1030 ⁴⁹).
1040 987 1080 1002 -
1103 948 1253 1030 Seleuco,
1281 956 1330 1017 cui

157 1107 164 1117 .
277 1055 319 1122 ad
338 1058 436 1120 ritae
463 1054 561 1120 finem
595 1076 696 1140 usqne
729 1053 787 1118 fidi
820 1063 1004 1118 manserunt
1032 1053 1172 1138 Ephesii,
1201 1065 1330 1146 mortuo

279 1161 394 1242 (280),
415 1157 516 1224 filium
534 1158 726 1224 Antiochum
748 1159 851 1221 statim
865 1155 961 1220 'helio
978 1159 1123 1244 aggressi
1145 1167 1219 1222 sunt
1234 1161 1330 1224 Nico-

277 1261 385 1328 medes
400 1262 574 1346 Bithyniae
588 1282 644 1326 rex
659 1269 691 1325 et
705 1259 907 1326 Ptolemaeus
925 1259 1158 1346 Philadelphus,
1182 1264 1237 1347 qui
1260 1283 1330 1348 pro-

277 1376 350 1454 pter
372 1369 552 1444 arctissima,
575 1386 657 1450 quae
680 1367 762 1428 inter
789 1383 824 1428 se
849 1373 881 1428 et
902 1362 1123 1449 Lysimachum
1146 1366 1330 1432 intercesse

277 1480 349 1536 rant
376 1471 538 1556 sanguinis
566 1467 694 1532 vincula
716 1469 764 1546 ⁵⁰)
797 1469 888 1532 istius
915 1470 1008 1554 regni
1036 1476 1157 1553 partem
1186 1467 1330 1554 aliquam,

277 1584 435 1659 tamquam
457 1594 495 1636 ex
516 1569 692 1636 hereditate
714 1569 774 1634 sibi
797 1569 934 1634 debitam
956 1579 1059 1649 ratus,
1077 1569 1195 1646 multas
1216 1575 1330 1636 mariti·

278 1699 345 1742 mas
367 1659 501 1762 Lydiae
514 1683 547 1766 et
563 1673 679 1740 Cariae
700 1675 796 1738 nrbes
819 1676 994 1760 occupavit,
1016 1677 1099 1738 iuter
1121 1697 1199 1760 quas
1222 1679 1330 1760 quanti

279 1781 440 1866 Ephesum
470 1780 691 1856 aestimaverit,
720 1776 774 1842 vel
802 1775 877 1841 inde
906 1779 1061 1864 cognosci
1089 1787 1210 1863 potest,
1244 1779 1330 1864 quod

278 1881 379 1946 filium
407 1879 625 1946 Ptolemaeum
651 1879 846 1964 praelectum
874 1873 919 1944 ibi
946 1879 1082 1944 in‘stituit
1097 1882 1155 1960 ⁶¹).
1205 1881 1331 1947 Bellum

282 1994 387 2052 autem
410 1981 491 2048 illud
512 1981 597 2048 haud
619 1991 712 2046 antea
727 1981 851 2046 finitum
874 1990 929 2060 cst,
951 2003 1053 2068 quam,
1075 1983 1235 2049 Antiocho
1252 2007 1332 2050 mor·

279 2097 336 2154 tuo
359 2089 474 2170 (261),
496 2085 582 2150 filius
605 2088 672 2173 ejus
695 2085 871 2151 Antiochus
886 2085 976 2150 Deus
1001 2108 1111 2172 pacem
1134 2109 1204 2152 cum
1226 2087 1333 2154 Ptole

161 2209 164 2216 ’
279 2213 371 2258 maeo
393 2193 465 2257 iniit
487 2211 617 2276 eamque
639 2193 757 2277 nuptiis
780 2211 849 2254 cum
872 2187 939 2254 filia
963 2193 1031 2276 ejus
1046 2193 1200 2256 Berenice
1215 2194 1332 2268 sanxit3

280 2318 345 2384 quo
367 2297 569 2362 matrimonio
593 2295 753 2382 Ephesum
781 2303 937 2379 tamquam
966 2292 1074 2360 dotem
1103 2297 1271 2381 accepisse·
1288 2298 1333 2360 vi-

280 2399 382 2468 detur.
430 2401 467 2464 ln
496 2399 557 2464 hac
585 2401 670 2464 euim
696 2398 777 2464 urbe
806 2419 901 2483 quum
930 2406 1123 2476 versaretur,
1149 2397 1333 2466 Laodiceae

280 2503 464 2588 repudiatae
485 2503 593 2565 uxoris
614 2500 736 2565 insidiis
758 2500 943 2568 interfectus
967 2510 1015 2565 est
1030 2501 1087 2580 ⁵²).

370 2605 433 2667 Per
459 2612 619 2687 tempora,
647 2625 729 2688 quae
757 2611 931 2686 sequuntur
953 2603 1099 2689 Ephesus
1128 2613 1161 2666 et
1188 2613 1335 2669 caeterae
1435 2623 1436 2678 t

282 2705 479 2773 Graecorum
501 2707 534 2768 iu
557 2705 636 2788 Asia·
660 2707 802 2768 civitates
831 2703 872 2767 ad
894 2704 1018 2790 Syriam
1048 2703 1172 2791 quidem
1195 2710 1336 2792 pertine-

281 2811 367 2887 bant,
383 2831 477 2896 qnum
492 2830 571 2872 vero
587 2811 694 2898 Reges
712 2829 835 2894 semper
849 2806 942 2874 bellis
965 2807 1041 2873 alibi
1056 2807 1282 2874 distinerentur
1293 2812 1335 2892 ⁸³)

281 2923 398 2978 tantam
421 2911 585 2998 paullatim
603 2911 781 2976 libertatem
805 2922 966 2978 assecutae
988 2921 1070 2991 suut,
1093 2912 1207 3000 quibus
1224 2913 1336 2979 Antio-

282 3018 373 3083 chum
396 3017 535 3105 Maguus
556 3037 624 3082 nou
646 3015 739 3080 aliter
760 3017 822 3080 nisi
849 3017 882 3079 vi
911 3025 1005 3103 atque
1031 3015 1118 3082 bello
1141 3019 1239 3102 potiri
1260 3039 1336 3104 pos·

351 3298 408 3368 47)
427 3303 648 3369 polysemvlli,
667 3300 710 3354 57.
728 3326 765 3338 -
783 3302 825 3354 ct.
844 3305 892 3372 vl,
912 3301 955 3354 12.
1037 3295 1091 3366 48)
1109 3301 1205 3366 Pugna
1223 3303 1259 3353 ad
1278 3301 1336 3354 Go-

281 3390 412 3452 rupediou
430 3389 459 3438 iu
477 3389 599 3452 Phrygia
617 3388 760 3439 commissa
779 3393 831 3440 est.
918 3385 971 3452 49)
990 3388 1121 3451 Polyaen.
1140 3389 1216 3455 viil,
1235 3386 1281 3439 57.
1299 3411 1337 3424 -
1387 3419 1389 3428 x

282 3477 396 3526 serram
418 3472 497 3536 regio
520 3474 621 3525 amictu
644 3477 766 3524 ornatam
795 3487 845 3536 pro
871 3473 970 3538 regina
994 3472 1134 3524 interfecit
1156 3475 1336 3536 Ephesiorum

282 3559 336 3608 dux
352 3560 535 3609 Menecrates.
624 3555 676 3623 50)
700 3559 817 3610 Primum
841 3559 911 3610 euim
933 3556 1089 3620 Lysimachi
1109 3555 1191 3608 liliam
1209 3561 1335 3625 durant,

283 3655 370 3710 eaque
386 3643 529 3706 repudiata
546 3644 651 3696 viduam
670 3642 802 3712 ejusdem,
820 3659 896 3696 suam
915 3655 1039 3694 sororem
1056 3657 1223 3708 germanam.
1283 3641 1336 3709 51)

233 3785 240 3806 x
282 3730 387 3780 Nothua
403 3729 489 3780 misse
506 3730 613 3781 ridetur
629 3731 677 3782 ille
694 3731 868 3782 Ptolemaeus
887 3728 901 3783 ὁ
919 3727 967 3798 τὴν
984 3733 1009 3780 ἐν
1022 3723 1119 3799 Ἐφέσῳ
1138 3731 1232 3782 διέπων
1251 3729 1337 3801 ppei-
1433 3749 1434 3762 ÷

283 3833 340 3885 ραν.
363 3817 459 3866 Athen.
478 3817 553 3884 xlii,
570 3815 625 3868 563
640 3815 671 3866 Β.
751 3814 803 3882 55)
821 3819 918 3869 Athen.
935 3817 971 3868 it.
989 3813 1043 3868 593
1064 3815 1097 3883 (l,
1118 3829 1171 3880 qua
1188 3817 1337 3868 occasione

175 3949 183 3964 ,
283 3903 406 3964 sophron
423 3905 588 3954 memoratur
607 3899 621 3951 ri
640 3904 682 3955 hri
700 3899 746 3971 τῆς
761 3897 886 3974 Ἐφέσου,·
909 3903 955 3954 cul
977 3908 1011 3960 et
1028 3902 1083 3966 ipsi
1098 3902 1243 3953 iusidiatur
1260 3906 1337 3954 Lao-

284 3985 370 4038 dicea.
440 3983 493 4050 53)
512 3989 645 4040 ΙοΙοιιοιιε
662 3987 812 4040 callinicus
829 4001 892 4040 curu
905 3991 1064 4042 Ptolemaeo
1075 3991 1218 4054 Euergeta
1227 3989 1336 4041 ctPar·

284 4069 347 4137 this,
365 4083 426 4123 cum
444 4075 538 4126 Attalo
557 4075 690 4128 seleucus
709 4073 850 4130 Ceraunus
869 4077 941 4129 hello
955 4078 1112 4141 gesseruut.
1223 4119 1226 4124 .
