2866 4736
605 629 750 775 orror
775 685 1020 776 sucumuu.

222 900 228 912 ⁸
337 877 361 962 ᾗ
422 865 498 952 De
527 863 664 953 rebus
696 837 843 983 gestis
874 863 1199 982 Ephesiorum.

661 1263 794 1316 anuas
820 1263 960 1316 rurus.

283 1393 540 1494 Ephesiorum
557 1392 754 1466 historiam
777 1391 975 1466 continens
998 1413 1121 1490 usque
1137 1383 1234 1467 ada.
1254 1393 1340 1466 546.

757 1613 785 1698 ἓ·
831 1617 898 1678 l.·

249 1795 264 1803 ,,
284 1745 354 1807 Pars
374 1748 482 1826 prima3
502 1747 810 1826 antiquissimamque
834 1743 872 1802 ad
892 1743 1072 1806 Graecorum
1091 1743 1248 1830 adventum
1268 1752 1340 1804 tem·

684 1859 757 1919 pora
778 1837 938 1900 continens.

285 2045 521 2190 Ephesiorum
544 2125 624 2188 quae
646 2106 778 2190 proprie
802 2103 865 2166 dici
893 2105 996 2189 possit
1023 2103 1170 2181 historia,
1199 2105 1342 2187 quamvis

286 2229 304 2272 a
328 2207 455 2272 colonia
471 2200 591 2272 tantum
609 2208 719 2272 Ionica
734 2210 855 2272 initium
878 2209 1000 2292 cepisse
1020 2205 1162 2292 putanda
1184 2207 1234 2285 sit,
1256 2205 1343 2269 haud

285 2322 391 2377 tamen
414 2311 551 2376 alienum
574 2311 614 2375 ab
636 2312 789 2388 hocloco
813 2297 939 2388 censeo,
963 2308 1003 2373 de
1019 2308 1160 2387 diuersis,
1183 2311 1237 2394 qui
1260 2309 1344 2372 hanc

286 2427 401 2482 terram
416 2425 490 2479 ante
503 2417 699 2480 Graecorum
713 2415 884 2480 adventum
900 2414 1068 2491 tenuerint,
1083 2411 1213 2498 populis
1229 2410 1345 2498 paullo

287 2521 462 2582 accuratius
484 2521 657 2602 inquirere;
680 2521 763 2583 inter
785 2537 881 2602 quoS,
904 2539 999 2602 quum
1021 2517 1055 2580 in
1076 2515 1201 2602 Lydiae
1225 2525 1258 2580 et
1280 2511 1344 2582 Ca-

286 2623 353 2684 riae
376 2619 518 2684 confinio
541 2622 687 2706 Ephesus
716 2623 783 2684 sito.
802 2619 911 2698 luerit,
939 2621 1031 2704 primi
1058 2618 1246 2684 nominandi
1268 2629 1344 2684 sunt

286 2723 372 2810 Lydi
387 2732 483 2809 atque
499 2721 608 2802 Cares,
631 2722 813 2808 Carumque
828 2743 908 2810 gens
924 2721 1078 2808 quaedam
1093 2722 1239 2811 Leleges.
1278 2725 1366 2808 Ly.

288 2827 348 2892 dos
372 2830 454 2890 enim
478 2835 510 2889 et
532 2825 668 2914 Leleges
692 2825 881 2905 Androclus
904 2849 1000 2913 quum
1023 2837 1137 2891 terram
1161 2837 1342 2916 occuparet,

212 2941 220 2950 ’
287 2933 401 2994 vicisse
423 2927 556 2994 traditur
584 2939 678 3016 atque
701 2929 827 3018 fugasse
845 2929 886 3012 ¹);
911 2929 1011 2996 Cares
1033 2951 1127 3010 vero,
1156 2931 1343 3016 quibuscum

287 3025 401 3122 postea
433 3036 526 3098 etiam
554 3033 674 3098 bellum
707 3031 888 3099 Androclus
917 3037 1017 3123 gessit
1032 3035 1084 3116 ²),
1116 3043 1154 3100 ut
1187 3033 1342 3112 Miletum,

287 3139 466 3225 Myuntem
488 3138 648 3225 Mycalem
664 3140 710 3204 sic
725 3141 818 3202 etiarn
833 3139 995 3226 Ephesum
1017 3136 1178 3223 quondam
1201 3141 1342 3204 tenuisse

289 3243 424 3307 affirmat
444 3243 707 3328 Pherecydes³).
732 3280 773 3293 -
893 3234 895 3237 ⁵
1259 3245 1262 3253 “

362 3348 464 3424 luter
486 3355 629 3409 caeteros
651 3347 743 3431 hujus
758 3349 900 3431 regionis
915 3333 1038 3408 incolas
1060 3329 1203 3434 inprimis
1225 3366 1343 3410 momo-

289 3446 381 3510 randi
403 3457 477 3511 sunt
490 3444 625 3534 Pelasgi,
648 3470 728 3533 quos
744 3471 762 3512 a
776 3447 906 3533 Mycale
928 3446 1003 3511 inde
1026 3445 1067 3510 ad
1083 3447 1339 3532 Septentrionem

289 3541 400 3644 versus
422 3558 521 3613 totam
538 3551 631 3615 Asiae
653 3554 783 3617 minoris
807 3572 896 3616 oram
910 3549 1083 3616 incoluisse
1099 3561 1216 3616 certum
1233 3562 1284 3617 est
1299 3555 1340 3633 ⁴).

292 3733 490 3744 ...ι-*-

360 3841 393 3911 1)
412 3848 522 3913 Λέλεγες
540 3847 568 3912 δὲ
586 3847 634 3898 τοῦ
652 3848 773 3918 Καρικοῦ
794 3855 877 3919 μοῖρα
900 3849 945 3900 καὶ
961 3845 1056 3911 Λυδῶν
1078 3846 1110 3898 cd
1134 3846 1202 3900 πολύ
1220 3851 1248 3899 ol
1266 3846 1342 3917 νεμό-

290 3952 363 4001 μενοι
381 3931 428 3999 τὴν
444 3931 531 4001 χώραν
549 3924 616 3999 ἦσαν
633 3934 751 3988 Pausan.
768 3936 836 4002 vll,
854 3932 882 4002 4,
901 3931 927 3985 8.
944 3955 982 3970 -·
1000 3935 1088 3985 strab.
1105 3933 1179 4000 xlv,
1198 3933 1235 3985 ln.
1307 3928 1340 3996 2)

290 4013 443 4086 Πριηνεῦσιν
465 4012 560 4086 ἤμυνεν
584 4019 627 4072 ἐπὶ
649 4017 711 4078 τοὺς
729 4020 832 4090 Κᾶρας·
847 4005 867 4072 d
876 4015 1036 4089 Ἄνδροκλος
1053 4021 1171 4070 Pausan-
1189 4021 1252 4087 vn,
1271 4018 1298 4087 4,
1314 4017 1341 4070 9.

212 4145 218 4150 .
291 4097 326 4168 3)
346 4104 435 4154 strab.
452 4104 526 4172 xlv,
544 4119 571 4168 p.
589 4099 651 4156 632.
722 4101 759 4172 4)
777 4109 951 4160 Menecrates
968 4119 1013 4170 up.
1032 4107 1120 4158 sunu.
1138 4119 1164 4168 p.
1175 4101 1238 4156 621.
