2910 4726
1034 441 1043 448 ‚
1094 329 1164 404 ua

109 512 269 600 quadrare
299 511 434 578 videtur.
492 513 581 576 Haec
612 514 693 576 eninr
724 511 881 578 caelatura
908 515 957 576 ita.
981 514 1164 600 accipienda

107 616 244 693 videtur,
268 625 303 680 ut
326 614 478 702 capitula,
501 617 561 679 nisi
583 624 652 680 tota
675 638 693 680 o
715 615 848 680 metallis
872 613 1034 682 elaborata
1050 619 1107 698 ²³⁰),
1130 629 1166 684 ut

107 723 194 808 picta
219 719 296 784 alibi
310 723 522 796 inveniuntur,
545 721 578 782 in
593 718 714 804 templo
731 721 893 804 Ephesino
909 724 1073 786 toreuticis
1089 743 1166 808 ope-

107 823 197 887 ribus
223 832 335 887 ornata
358 823 490 900 luerint,
521 843 654 907 quorum
683 824 818 909 vestigia
850 827 941 887 etiam
964 827 997 887 in
1021 824 1164 908 capitulis

107 925 222 1011 templi
244 927 418 1004 Minervae,
442 923 528 1011 quod
544 925 727 990 Parthenon
750 924 870 1001 dicitur,
894 925 970 992 olim
993 930 1166 1012 conspicie-

106 1029 236 1094 bantur.
304 1029 400 1094 Falso
430 1038 533 1094 autem
563 1027 683 1094 Hirtius
718 1027 908 1094 caelaturam
943 1037 1004 1116 pto
1032 1030 1165 1117 simplici

108 1135 307 1197 strictura
323 1133 446 1216 accepit
461 1132 518 1212 ²¹),
542 1131 629 1218 quod
644 1153 685 1196 ne
701 1151 771 1194 cum
786 1133 884 1215 ipsius
899 1133 1024 1217 quidem
1039 1144 1166 1200 senten·

108 1240 152 1301 tia
178 1239 340 1314 convenit,
361 1239 479 1320 quippe
502 1239 556 1320 qui
579 1256 690 1300 omues
721 1234 883 1300 columnas
906 1239 1052 1300 striatura
1075 1258 1166 1302 orna-

109 1350 157 1404 tas
182 1343 350 1404 censuerit.
396 1338 528 1404 Accedit
550 1361 698 1404 numerus
729 1338 943 1404 columnarum
968 1339 1171 1416 caelatarumf

109 1447 280 1529 quiquam
310 1452 383 1527 apte
414 1440 514 1505 cellae
546 1445 733 1506 convenerit
760 1463 855 1506 nemo
887 1446 1010 1528 estqui
1032 1464 1098 1508 non
1121 1447 1171 1506 vi:

109 1545 193 1610 deat.
241 1547 305 1610 Eas
320 1555 425 1610 autem
447 1547 491 1608 ita
510 1548 667 1623 constitui,
689 1557 725 1612 ut
748 1545 925 1610 octodecim
949 1545 1165 1612 columnarum

108 1651 247 1738 porticui
271 1647 379 1714 similis
401 1651 549 1733 imposita
578 1649 673 1714 luerit
701 1642 784 1714 cred
805 1645 965 1735 ὑπερῷος,
988 1672 1080 1736 quam
1104 1649 1166 1719 cel-

108 1753 209 1817 larum
234 1755 388 1816 rationem
411 1761 488 1816 tunc
508 1755 660 1837 temporis
683 1755 880 1837 potissimum
903 1755 1045 1818 usitatam
1067 1753 1166 1818 luisse

109 1861 235 1920 sciurus.
281 1853 450 1940 Duplicem
474 1857 556 1920 enim
581 1859 737 1940 porticum
765 1866 797 1920 et
819 1850 923 1921 orode
943 1853 1091 1940 ὑπερῷον
1113 1856 1166 1918 ha-

109 1960 251 2025 buerunt
274 1959 439 2024 Minervae
463 1956 562 2022 Aleae
584 1959 753 2044 templum,
780 1959 869 2045 quod
892 1961 1022 2046 Tegeae
1043 1959 1166 2044 Scopas

110 2066 262 2128 exstruxit
277 2064 334 2141 32),
355 2065 449 2126 «lovis
472 2060 620 2148 Olympii
636 2064 693 2144 ²³),
719 2063 779 2128 alia
795 2065 854 2143 24).

198 2168 336 2230 Restant
357 2187 496 2254 novem
520 2151 702 2244 columnae,
731 2189 860 2252 quarum
891 2173 999 2241 octo,
1028 2166 1165 2248 majoris,

110 2293 202 2356 quam
234 2291 315 2355 quae
343 2273 376 2332 in
405 2267 620 2345 cohaerent,
650 2267 792 2332 diametri
818 2268 977 2330 Hecatesii
1005 2265 1165 2328 lacunaria

110 2377 337 2452 sustinuerunt,
359 2370 456 2457 quod,
478 2380 513 2434 ut
534 2369 751 2436 Pandroseum
774 2375 807 2434 in
831 2369 910 2436 aede
925 2369 1090 2432 Minervae
1105 2369 1167 2432 Po-

110 2475 212 2555 liadis,
236 2473 453 2562 opisthodomi
481 2478 575 2540 situm
604 2477 637 2538 in
665 2473 785 2560 templo
809 2474 971 2560 Ephesius
998 2473 1167 2555 occuparit

110 2591 151 2660 et,
174 2590 211 2644 ut
232 2579 476 2664 opisthodomus
504 2583 538 2643 in
561 2580 762 2644 Parthenone
790 2575 982 2664 singularem
1009 2573 1167 2659 quandam

111 2683 224 2748 cellam
243 2681 422 2762 efficiebat,
445 2682 570 2746 duabus
590 2684 692 2768 portis
715 2684 875 2767 cumipse
898 2679 987 2756 cella,
1009 2699 1072 2744 una
1096 2701 1165 2742 cum
1209 2699 1213 2704 ·

110 2789 238 2873 porticu
268 2785 377 2872 templi
406 2787 590 2852 cohaerens.
637 2788 672 2850 ln
702 2784 929 2871 opisthodomo
956 2783 1166 2848 Partlrenonis

110 2892 211 2956 modo
234 2913 303 2969 sex,
325 2889 423 2954 modo
447 2903 584 2976 quatuor
612 2889 778 2954 columnae
806 2898 971 2975 ponuntur
985 2887 1042 2966 ²⁵),
1067 2907 1166 2974 eaque

112 2994 265 3082 analogia
296 2994 393 3059 fultus
426 3005 501 3060 octo
532 2992 694 3058 columnas
725 2997 759 3057 in
793 3003 904 3056 nostro
937 2989 1165 3075 opisthodomo

110 3104 222 3186 posui,
254 3101 371 3184 quippe
400 3095 486 3182 quod
510 3104 642 3180 propter
663 3092 772 3178 templi
794 3094 1041 3179 magnitudinem
1065 3091 1165 3154 multo

111 3203 242 3290 longius
266 3201 367 3279 luerit
391 3221 484 3286 quam
506 3197 594 3284 quod
622 3200 655 3260 in
679 3197 881 3259 Parthenone
904 3204 979 3257 erat.
1026 3195 1091 3256 llas
1114 3215 1167 3256 an·

110 3317 175 3371 tem
199 3314 276 3369 octo
300 3304 462 3368 columnas
485 3303 578 3365 iniis
601 3303 769 3388 agnovisse
791 3299 866 3362 milri
881 3299 967 3360 visus
989 3317 1065 3374 sum,
1089 3317 1166 3380 quas

112 3433 129 3476 e
152 3408 274 3496 templo
299 3407 461 3493 Ephesino
485 3405 537 3470 vel
560 3427 597 3469 ex
619 3405 718 3468 ruinis
746 3404 814 3488 ejus
836 3403 869 3464 in
893 3397 1066 3464 Ecclesiam
1090 3399 1168 3464 san.

112 3525 182 3580 ctae
206 3513 355 3598 Sophiae,
378 3530 460 3596 quae
476 3505 759 3594 Constantinopoli
776 3515 831 3584 est,
854 3501 973 3568 delatas
990 3503 1086 3568 luisse
1105 3525 1167 3568 me·
1285 3495 1291 3510 '

111 3654 313 3666 ....—.-.--·--

182 3719 237 3788 20)
255 3722 297 3774 Gt.
316 3723 384 3774 Ptin.
403 3723 529 3790 xxxw,
549 3721 574 3773 7.
657 3715 710 3785 21)
728 3722 795 3784 Peg.
813 3716 857 3770 31.
946 3713 998 3781 22)
1017 3717 1168 3770 Pausanias

112 3813 189 3876 vill,
208 3808 254 3877 ts,
272 3807 298 3860 6.
336 3811 428 3860 Koner
446 3811 480 3859 de
498 3811 554 3860 ret.
573 3810 686 3870 regest.
706 3823 732 3869 p.
754 3804 800 3871 19,
819 3804 844 3856 5.
860 3803 889 3856 6.
978 3799 1032 3867 23)
1050 3803 1169 3855 Mueller

33 3953 40 3965 ,
112 3899 195 3948 Areu.
215 3894 276 3962 199,
295 3893 312 3946 9
331 3909 357 3959 p.
376 3892 411 3944 92
430 3896 483 3955 (al.
501 3888 667 3957 LXXXVI).
766 3886 819 3954 24)
841 3893 872 3942 ln
891 3889 1046 3940 universnm
1065 3891 1167 3953 autern,
1228 3923 1233 3942 .

114 3985 186 4047 quud
197 3981 304 4045 quidem
316 3983 350 4033 ad
368 3981 466 4033 seuam
484 3979 593 4046 attinet,
606 3977 785 4029 Parthenonls
798 3981 962 4027 structuram
974 3979 1086 4028 secutus
1098 3987 1168 4026 sum.

114 4069 156 4120 Gt.
176 4067 323 4120 coenerml
341 4069 411 4131 apud
428 4067 592 4118 Brondstedt
608 4064 709 4116 Reisen
727 4065 764 4131 11,
785 4077 810 4124 p.
832 4060 883 4113 123
902 4057 1022 4126 (naplis.
1042 4076 1067 4123 p.
1089 4057 1168 4124 192).

54 4145 56 4154 ’
113 4152 166 4219 25)
186 4156 349 4205 Brondstedt
367 4151 467 4204 Reieen
486 4166 512 4214 p.
530 4149 591 4202 ott.
1240 4151 1247 4160 ·
