2866 4736
284 311 316 365 X

286 475 364 565 dux,
389 503 517 549 summa
542 475 738 550 liberalitate
755 487 856 574 atque
873 477 1014 549 amicitia
1032 501 1163 548 mecum
1188 501 1341 548 commu-

284 577 416 648 nicavit.
465 573 499 647 Is
525 577 629 663 enim,
661 599 762 672 quum
791 576 897 672 ipsam
921 573 1096 672 Ephesum
1123 585 1158 646 et
1181 576 1342 670 regiones

285 675 560 771 circumjacentes
575 672 836 770 perlustraverit,
859 684 924 744 tam
943 684 1130 744 accuratam
1147 674 1261 744 caium
1279 698 1343 743 no-

284 774 388 845 titiam
420 772 491 844 sibi
517 773 720 868 comparavit
756 795 956 869 mecumque
995 771 1265 858 communicavit,
1302 783 1342 845 ut

284 895 380 942 meae
399 868 573 941 conlectae
592 873 657 966 jam
678 867 720 940 de
739 865 910 964 Ephesiae
929 870 993 939 situ
1011 868 1220 965 expositioni,
1237 866 1341 938 multa

285 993 392 1067 caque
417 968 610 1064 gravissima
635 965 713 1037 inde
739 964 892 1038 addenda
915 965 996 1036 mihi
1020 965 1223 1037 viderentur.

383 1062 499 1143 Quare
522 1063 634 1137 lacere
659 1089 726 1134 non
750 1088 907 1159 possum,
939 1065 1018 1162 quin
1042 1062 1179 1160 publice
1205 1063 1237 1134 ei
1261 1088 1339 1158 gra-

283 1163 353 1235 tias·
376 1189 472 1260 agam
505 1188 603 1261 quam
635 1163 794 1234 maximas
825 1173 875 1247 et,
908 1185 993 1258 quae
1024 1163 1058 1232 in
1088 1160 1152 1232 hac
1186 1159 1340 1257 opusculi

308 1273 379 1332 arte
416 1260 524 1358 aliqua
562 1257 660 1331 laude
693 1258 793 1354 digna
822 1257 1012 1346 videantur,
1052 1282 1091 1330 ea
1124 1257 1196 1330 sere
1230 1259 1340 1328 omnia

283 1287 512 1456 lliepertio
537 1383 593 1430 me
619 1356 746 1430 debere
771 1358 916 1454 ingenue
943 1356 1112 1428 confitear.

380 1453 440 1528 De
467 1459 612 1542 ratione,
644 1481 743 1552 quam
773 1456 807 1525 in
839 1455 942 1527 rebus
974 1455 1080 1551 gestis
1111 1451 1340 1550 Ephesiomm

284 1553 476 1626 enarrandis
501 1565 637 1625 secutus
663 1579 751 1638 sum,
782 1551 863 1624 nihil
894 1552 964 1625 lere
999 1550 1092 1650 quod
1116 1577 1340 1648 praemonen-

284 1651 362 1723 dum
388 1651 466 1722 mihi
490 1651 642 1723 videatur
665 1650 793 1735 hahe03
825 1652 858 1720 in
883 1651 986 1722 rebus
1012 1661 1123 1721 autem
1148 1651 1251 1720 sacris
1277 1647 1338 1720 de-

283 1749 470 1823 scrihendis
496 1761 531 1821 et
554 1752 588 1820 in
611 1760 727 1820 natura
744 1740 876 1820 Dianae
899 1745 1070 1844 Ephesiae
1096 1745 1339 1842 constituenda,

283 1873 383 1946 quam
399 1848 486 1918 viam
503 1849 641 1934 inierim,
668 1871 709 1918 eo
726 1844 1086 1942 magisexponendum
1102 1843 1245 1930 videtur,
1269 1869 1339 1942 quo

282 1936 389 2041 magis
414 1971 434 2016 a
457 1942 618 2019 Vilorum
644 1939 954 2016 Celeberrimorum
985 1944 1338 2024 sententiisrecesse-

282 2045 344 2112 rim
361 2040 411 2135 ⁴⁸).
464 2037 578 2128 Quod,
602 2043 666 2112 nisi
689 2043 763 2138 ipsa
782 2037 999 2112 Summorum
1015 2038 1177 2112 Virorum
1202 2051 1338 2112 senten·
1375 2111 1379 2114 .

282 2142 401 2211 tiarum
426 2138 649 2238 discrepantia
678 2165 734 2210 me
768 2137 972 2236 adjuvasset,
1003 2140 1060 2210 vix
1090 2163 1190 2210 ausus
1216 2163 1336 2210 essem.

280 2235 319 2309 In
344 2237 392 2310 re'
407 2239 508 2336 igitur
531 2249 599 2309 tam
625 2235 748 2308 difficili
772 2248 846 2308 eta
871 2247 922 2308 tot
946 2237 1115 2333 tantisque
1139 2232 1233 2308 Viris
1257 2261 1336 2332 per·
1420 2316 1421 2319 Ἴ

281 2347 449 2425 tractatas
465 2362 510 2409 ne
540 2335 622 2434 quid
653 2337 730 2432 vagi
754 2345 896 2422 tantum,
928 2346 984 2405 aut
1016 2331 1110 2432 quod
1135 2335 1337 2430 conjectmis

280 2435 404 2530 potius,
430 2459 528 2531 quam
546 2435 647 2506 certis
673 2435 876 2528 argumentis
901 2433 1073 2518 niteretur,
1124 2455 1336 2528 reponerem,

281 2531 484 2628 praemissis,
508 2555 594 2628 quae
620 2529 663 2602 de
689 2531 792 2600 sacris
807 2527 996 2624 Pelasgicis
1021 2527 1065 2600 ad
1114 2541 1262 2628 aystrum
1285 2529 1336 2600 in-

179 2708 186 2726 *
283 2629 409 2699 stitutis'
430 2627 555 2722 (§1),
580 2639 616 2698 et
640 2626 683 2698 de
708 2623 840 2699 Dianae
862 2622 1051 2698 Arcadicae
1075 2627 1211 2698 notione
1229 2627 1274 2721 (ἓ
1294 2624 1336 2720 2)

283 2723 423 2797 dicenda
447 2723 655 2812 videbantur,
681 2724 810 2822 singula
835 2749 881 2795 ex*
907 2725 1028 2822 quihus
1052 2725 1194 2796 numinis
1224 2729 1335 2823 cujus-

283 2821 359 2894 dam
383 2833 498 2894 natura
523 2835 624 2920 atque
648 2823 740 2894 notio
766 2823 928 2918 cognosci
953 2833 1111 2919 possunt,
1135 2821 1257 2894 indicia
1279 2841 1336 2894 se-

281 2922 420 3018 paratim
447 2923 597 3017 exposui.
647 2917 739 2991 Inter
768 2945 854 3017 quae
884 2921 1028 3017 primum
1059 2922 1132 3006 sine
1157 2919 1260 2993 dubio
1285 2919 1336 2993 lo-

284 3045 359 3090 cum
384 3029 479 3091 tenet
502 3020 606 3116 ipsius
632 3029 743 3090 terrae
768 3029 804 3089 et
827 3017 890 3089 soli
907 3030 1032 3106 natura,
1058 3021 1154 3116 cujus
1179 3030 1338 3120 quantum

282 3187 481 3199 *Μ

352 3273 389 3344 *l
408 3277 1047 3467 septepppzrprnpjpg'opppapppgppsippgm
1064 3347 1224 3412 symbolica.
1256 3349 1337 3400 Rom.

292 3545 294 3552 ,
398 3493 401 3496 “
433 3473 574 3552 anlus,
594 3483 675 3540 Mem.
693 3491 727 3540 de
744 3491 841 3540 l’acad.
861 3489 910 3538 des
928 3487 1011 3563 tqscr.
1029 3490 1105 3542 Tem.
1119 3489 1179 3542 XX.

433 3555 597 3624 Oreum,
616 3559 764 3620 symbolik.
801 3561 877 3608 'forn
899 3560 933 3608 ll.

432 3629 591 3692 Mueller,
609 3627 715 3680 llorier.
751 3631 829 3680 dom.
848 3629 869 3678 1.

433 3699 546 3764 Stulrr,
566 3702 675 3760 system
695 3702 743 3750 der
759 3701 847 3762 myth.
883 3700 959 3750 Tou.
977 3701 1011 3749 ΙΙ.
1110 3725 1113 3733 Δ

432 3769 631 3834 Schwcnck,
649 3771 740 3832 Etym.
760 3771 846 3832 Myth.
864 3771 1072 3834 Audentnngen.

432 3853 457 3889 v.
475 3841 604 3904 Meyer,
623 3841 711 3892 Uener
722 3839 766 3890 die
779 3839 957 3904 vorstellnng
974 3842 1022 3891 der
1036 3841 1123 3891 Diana
1134 3851 1188 3890 von
1202 3840 1337 3902 Ephesus.

481 3905 692 4042 ἓΒὶΜίιίιΙιὲἔξ.
715 3923 740 3960 a.
760 3910 814 3962 uit.
831 3912 885 3962 und
904 3912 992 3962 Kunst
1015 3925 1069 3964 ven
1087 3913 1219 3964 fleeren
1239 3914 1280 3962 St.
1299 3909 1337 3960 x.

506 3984 555 4030 ott.
592 3977 606 4029 7
644 4013 651 4027 .

433 4049 600 4114 Bottiger,
625 4049 734 4113 Ilithyia
752 4053 819 4101 oder
836 4049 880 4100 dic
899 4051 984 4100 llere.

431 4119 583 4187 Rlclrter,
603 4122 761 4172 decessione
779 4121 828 4172 der·
845 4123 1025 4186 mythologie.
