2866 4736
278 249 328 323 36

279 437 365 499 nium
388 418 515 498 duxisse
530 434 664 496 sciamus
679 432 738 512 ³¹),
760 449 865 518 neque
881 433 948 496 veri
971 434 1011 496 sit
1032 429 1134 496 simile
1151 426 1278 514 Lydiae
1293 452 1341 494 re·

280 559 353 628 gem
386 535 485 601 filiam
518 557 606 626 suam
641 537 766 622 privato
796 534 973 600 collocasse
989 537 1048 617 33).
1101 533 1209 619 Quum
1243 537 1341 622 igitru

282 641 425 708 Croesus
435 641 603 731 'Ephesum
619 648 828 727 oppugnaret,
850 639 1006 705 Pindarus
1022 639 1067 703 ibi
1081 635 1248 726 regnabat,
1272 637 1341 702 Me·

281 745 363 809 lanis
387 754 431 808 et.
449 743 566 810 Croesi
595 746 715 808 sororis
745 743 846 822 lilius,
869 746 936 828 qui,
959 743 1035 808 licet
1063 745 1097 806 in
1128 745 1214 807 cives
1246 741 1341 806 valde

283 851 415 913 severus
430 848 458 884 33
466 850 489 927 ),
511 849 544 911 in
567 850 747 912 universum
770 856 876 911 tamen
898 867 959 910 nec
973 849 1098 911 virtutis
1120 867 1181 910 nee
1200 843 1342 931 pruden-

171 947 173 956 ’
280 955 345 1016 tiae
370 960 438 1014 emt
461 973 586 1038 expers,
614 971 801 1036 summoque
830 953 951 1035 patriae
974 960 1086 1014 contra
1108 949 1266 1014 barbaros
1291 949 1343 1014 de-

281 1054 463 1120 fendendae
485 1054 593 1120 studio
609 1057 767 1119 incensus.
812 1052 1022 1140 Quapropter
1043 1052 1174 1118 multum
1198 1051 1341 1118 Croesus

284 1161 407 1237 erravit,
430 1161 484 1245 qui
505 1155 676 1248 Pindarum
706 1157 815 1222 urbem
844 1157 906 1220 sibi
934 1156 1119 1223 traditurum
1150 1168 1342 1244 speraverat,

284 1267 376 1350 eique
399 1267 454 1350 qui
476 1264 539 1328 hoc
560 1261 762 1349 postularent
783 1260 909 1349 legatos
930 1266 993 1346 jam
1019 1264 1159 1337 miserat;
1183 1265 1342 1326 recusavit

284 1371 370 1433 enim
390 1365 461 1444 ille;
489 1367 631 1433 Croesus
654 1386 732 1430 vero
764 1363 804 1428 ad
833 1364 944 1430 urbem
968 1365 1216 1454 oppuguandam
1240 1387 1342 1458 acoes

282 1475 331 1536 sit.
380 1473 422 1536 Et
444 1474 522 1536 turri
539 1470 674 1556 quadam
690 1468 831 1555 collapsa
849 1469 906 1549 33),
929 1472 992 1555 jam
1007 1473 1040 1533 in
1056 1490 1097 1533 eo
1114 1477 1189 1548 erat,
1211 1480 1248 1534 ut
1263 1469 1342 1534 urbe

282 1578 448 1662 potiretur,
471 1596 568 1661 quum
590 1577 757 1638 notissimo
773 1571 903 1638 Pindari
919 1571 1065 1652 consilio,
1086 1572 1196 1662 urbem
1213 1573 1342 1638 funibus

191 1681 193 1686 ’
283 1679 403 1766 templo
428 1679 597 1767 alligatam,
619 1688 776 1764 tamquam
798 1680 860 1764 ipsi
882 1678 975 1742 Deae
998 1686 1222 1754 consecrarent
1238 1677 1343 1762 Ephe-

284 1788 322 1849 sii
338 1784 397 1865 33).
444 1783 520 1869 Quo
543 1783 629 1846 lacto
645 1781 772 1869 legatos
788 1780 828 1846 ad
844 1780 1002 1846 Croesum
1018 1767 1179 1860 miserunt,
1201 1783 1257 1866 qui
1277 1781 1343 1846 loe·

285 1885 345 1951 dus
369 1896 401 1950 et
422 1885 599 1950 libertatem
623 1907 659 1948 ea
683 1884 868 1950 conditione
891 1889 1106 1972 impetrarunt,
1129 1894 1165 1976 ut
1185 1883 1342 1950 Pindarus

284 1993 416 2077 patriam
431 1989 626 2074 relinqueret
641 1989 700 2069 33).
745 1989 861 2074 Neque
878 1991 1026 2067 is,·tauto
1042 1995 1117 2076 erga
1133 1992 1219 2054 cives
1235 2011 1343 2054 amore

286 2103 362 2173 erat,
385 2096 543 2158 recusavit
566 2102 599 2156 et
620 2091 753 2173 Pasicle,
775 2091 835 2156 filii
857 2102 964 2157 tutore
987 2093 1242 2179 divitiarumque,
1266 2116 1343 2180 quas

285 2220 353 2267 uon
376 2220 482 2262 secum
505 2194 642 2276 abstulit,
665 2195 799 2262 custode
821 2195 934 2262 relicto
950 2200 983 2261 in
1004 2196 1266 2283 Peloponnesum
1288 2201 1344 2262 mi-

286 2306 390 2392 gravit
406 2304 464 2384 33).
511 2300 609 2390 Quod
632 2304 770 2387 quinque
793 2302 861 2367 fere
883 2323 986 2366 anuos
1009 2311 1177 2388 autequam
1200 2300 1343 2368 Croesus

286 2407 375 2472 solus
397 2407 521 2492 Lydiae
536 2409 700 2492 imperium
716 2409 863 2492 suscepit,
885 2405 1001 2470 facturn
1018 2405 1145 2470 videtur
1160 2407 1269 2487 (566)
1284 2409 1342 2486 33).

286 2511 402 2576 Paullo
431 2531 509 2574 vero
539 2520 615 2594 post
636 2509 807 2574 Pindarum
837 2512 972 2596 ejectum
996 2510 1126 2596 Ephesii
1152 2519 1240 2574 certa
1269 2533 1343 2596 qua-

288 2614 359 2678 dam
382 2611 578 2698 reipublicae
600 2610 866 2677 administrandae
889 2613 1010 2677 formae
1041 2623 1073 2678 et
1096 2613 1202 2678 auxilii
1232 2627 1343 2680 contra

189 2757 190 2764 κ
287 2717 442 2782 barbaros
471 2713 630 2780 desiderio
651 2715 715 2797 33),
744 2717 955 2780 Aristarchum
986 2717 1143 2804 quendam
1173 2719 1345 2785 Athenien-

288 2843 354 2886 sem
378 2823 566 2899 acciverunt,
589 2841 682 2907 quem
704 2841 834 2900 summo,
857 2829 893 2886 ut
911 2831 976 2886 tum
999 2825 1031 2886 in
1049 2821 1227 2888 civitatibus
1244 2823 1343 2889 Grae-

358 3047 411 3120 31)
429 3033 590 3106 narrans.
607 3056 641 3105 n.
660 3055 714 3123 ur,
737 3052 783 3122 no,
801 3055 846 3106 uu
868 3038 1019 3125 rinaams,
1038 3060 1103 3109 uer.
1124 3059 1144 3108 r.
1163 3053 1344 3128 aerumpnam

284 3134 436 3220 jovittae
453 3137 503 3192 τοῦ
521 3137 621 3194 Λυδοῦ.
710 3137 762 3212 33)
784 3143 898 3195 Accedit
920 3146 991 3209 quod
1008 3145 1142 3196 Pindarus
1159 3140 1343 3222 διαδεξάμενος

289 3226 335 3295 τὴν
354 3229 497 3299 τυραννίδι)
515 3229 614 3280 dicitur
631 3230 650 3278 l.
668 3230 688 3280 l.
773 3225 825 3295 33)
843 3227 987 3289 mutuatae
1005 3243 1039 3282 ex
1057 3230 1246 3282 emendatione
1264 3231 1342 3283 Peri-
1416 3279 1417 3288 ,

288 3313 364 3364 aonii
381 3328 430 3378 pro
449 3313 573 3384 φιλόπαις
590 3327 634 3377 ap.
652 3314 760 3366 Aelian.
777 3317 797 3366 1.
815 3317 834 3368 l.
922 3314 975 3381 34)
998 3319 1075 3368 Hane
1093 3319 1127 3368 oh
1145 3330 1258 3368 oausam
1277 3336 1343 3386 προ-

290 3393 368 3464 δότης
386 3404 483 3461 postea
500 3401 573 3450 diota
591 3404 634 3451 est
650 3401 784 3464 Polyaen.
807 3406 892 3454 strat.
910 3405 959 3470 VI,
977 3401 1021 3453 50.
1038 3403 1144 3454 Aeliam
1158 3405 1181 3454 l.
1199 3404 1218 3454 1.
1291 3398 1342 3468 35)
1416 3411 1417 3416 ’

289 3483 404 3534 Praeter
420 3485 564 3536 Aelianum
582 3489 611 3536 et
627 3486 796 3550 Polyaenum
818 3489 918 3540 Herod.
937 3491 965 3555 1,
988 3487 1033 3540 26.
1116 3485 1170 3554 36)
1187 3487 1264 3559 Πρὸς
1281 3487 1343 3546 τοὺς

287 3561 423 3636 Ἐφεσίους
441 3572 483 3621 ἐπὶ
500 3568 649 3640 ἔλευθερίας
672 3571 806 3640 συνθήκας
827 3569 968 3642 ἐποιήσατο
995 3574 1114 3626 Croesus
1132 3565 1265 3638 Polyaen·
1284 3577 1306 3625 l.
1325 3576 1341 3625 l.

289 3650 342 3717 37)
359 3655 503 3707 Aeliani.
521 3659 540 3706 l.
628 3653 681 3722 38)
699 3659 750 3709 Ubi
768 3659 840 3710 enlm
858 3659 949 3724 Cym:
966 3663 1106 3712 Medorum
1123 3661 1265 3724 imperium
1283 3662 1341 3712 ‹lia-
1415 3725 1416 3748 Χ

290 3741 384 3808 solvit,
402 3741 419 3791 5
432 3739 490 3806 jam
509 3755 596 3793 annos
608 3742 781 3794 Aristarolms
799 3759 919 3797 summae
936 3761 1026 3800 rerum
1040 3749 1140 3811 Ephesi
1157 3749 1246 3798 fertur
1260 3760 1342 3810 prae·

197 3887 202 3902 ¹
289 3827 386 3879 fuisso.
423 3828 543 3879 croesus
560 3839 626 3878 varo
645 3834 741 3898 antea,
764 3842 843 3896 quam
865 3833 935 3896 patri
959 3837 1066 3884 mortuo
1088 3833 1238 3900 suecessit,
1263 3825 1342 3896 regni

290 3914 383 3965 socius
401 3916 500 3965 ureret.
520 3910 645 3977 (Zumpt.
664 3919 733 3966 Ann.
752 3932 778 3981 p.
797 3912 854 3982 5.)·
928 3916 981 3984 39)
1005 3920 1125 3972 Croesus
1147 3917 1219 3970 enlm
1243 3921 1343 3968 multas

292 3999 458 4051 Graecorum
480 4000 561 4050 urbes
584 4001 678 4053 ditioni
700 4016 767 4055 suae
790 4000 922 4073 subjecit,
950 4005 1020 4058 ullas
1047 4018 1155 4069 semper
1177 4006 1248 4068 apud
1273 4004 1342 4056 alian
1414 4005 1415 4008 ’

291 4096 389 4136 causas
407 4090 576 4148 praetexens.
599 4089 699 4140 Herod.
718 4089 740 4155 1,
759 4087 803 4140 27.
951 4078 955 4090 ’
