2910 4726
1112 325 1181 401 llil

125 531 205 588 mus,
228 511 290 574 nisi
312 507 538 594 quodpristini
558 508 667 574 sacelli
682 509 788 576 locum
803 512 993 577 retinuerint
1008 514 1050 592 ²),
1071 515 1184 600 ipsius-

126 634 191 698 que
214 611 325 698 templi
347 621 502 676 structura
526 610 634 698 dorica
656 613 754 677 luisse
779 613 925 679 videatur
939 616 982 695 ³).

218 717 265 780 Ee
281 737 370 795 vero,
392 737 484 801 quam
501 715 750 801 supradiximus,
774 728 877 782 aetate
894 721 927 796 ⁴)
951 719 1079 804 Ephesii
1103 743 1182 805 pace

127 841 199 884 cum
222 822 334 882 vicinis
357 820 507 906 gentibus
522 818 697 907 gaudentes
713 823 898 907 magnisque
911 824 1036 907 jamjam
1059 823 1183 908 pollen-

125 912 177 987 tes
199 922 332 1000 divitiis,
360 945 398 986 ac
425 922 478 986 vel
500 923 612 987 lonum
641 925 734 987 etiam
751 925 784 1006 ⁵)
808 935 1066 1011 caeterorumque
1090 927 1183 992 Asiae

125 1025 321 1112 populorum
344 1036 376 1090 et
397 1047 506 1113 regum
522 1023 637 1090 auxilio
660 1026 760 1112 adjuti
776 1027 818 1106 ⁶),
841 1025 927 1091 aliud
941 1027 1092 1114 templum
1109 1051 1184 1094 cerr-

128 1129 206 1194 dere
234 1131 450 1207 instituerunt,
481 1128 567 1214 quod
597 1141 628 1193 et
656 1131 747 1194 Deae
776 1129 880 1218 gloria
909 1139 941 1194 et
969 1133 1067 1215 ipsius
1096 1133 1182 1198 urbis

126 1230 347 1321 magnitudine
370 1230 496 1319 dignius
519 1233 612 1296 foret.
658 1232 757 1317 Quod
775 1255 869 1318 quum
886 1231 999 1296 eodem
1016 1234 1099 1313 loco,
1117 1259 1182 1322 quo

127 1337 308 1421 antiquiora
331 1334 412 1414 duo,
442 1338 476 1400 in
498 1334 600 1400 media
622 1335 746 1421 palude'
767 1339 859 1400 situm
883 1346 968 1400 esset
982 1339 1025 1416 ⁷),
1047 1341 1184 1426 ingenti-

127 1439 188 1503 bus
212 1459 294 1525 opus
319 1449 386 1504 erat
408 1439 630 1517 fundamentis,
657 1461 753 1525 quare
775 1448 808 1503 et
830 1437 933 1504 solum
955 1439 1095 1526 palustre
1118 1465 1183 1508 car-

127 1541 269 1606 bonibus
292 1541 434 1620 calcetiS,
458 1542 571 1628 quibus
594 1541 712 1606 vellera
740 1540 832 1606 lanne
854 1543 1109 1628 imponebantur,
1130 1545 1184 1610 fir·

128 1656 245 1710 matum
269 1657 317 1711 est
331 1647 379 1728 ⁸),
404 1656 448 1726 et,
471 1646 565 1710 fossis
590 1645 761 1724 subductis,
783 1645 1034 1712 substructiones
1056 1651 1184 1714 immen-

198 1817 234 1888 2)
252 1825 332 1876 Ksiro
356 1826 386 1877 dd
406 1845 450 1876 τοι
471 1829 611 1895 μετέπειτα
630 1826 691 1896 περὶ
712 1826 805 1894 βρέτας
824 1820 886 1896 cipi
904 1828 1041 1898 θᾴιεθλον
1063 1825 1184 1898 Δωμήθη

129 1908 235 1959 Gallim.
253 1910 332 1960 Dian.
351 1926 376 1960 v.
395 1909 456 1962 248.
545 1908 579 1976 3)
599 1910 694 1974 Qualis
707 1911 839 1974 Apollinis
852 1911 975 1964 Panionii
994 1911 1088 1976 templi
1106 1918 1182 1964 stru·
1287 1921 1292 1935 '

128 1999 207 2046 cturs
224 1995 310 2046 tuisse
328 1997 453 2064 traditur,
473 1999 542 2060 qrrcd
556 2001 649 2048 eodem
669 2001 791 2060 tempore
809 1998 891 2047 lones
904 1997 1081 2050 condiderunt
1099 1993 1183 2064 (Vitr.

128 2081 177 2147 iv,
199 2075 241 2148 1),
259 2081 298 2132 itu
316 2088 347 2132 ut
364 2080 444 2148 hujus
462 2083 554 2146 potius
566 2083 674 2146 pristini
686 2083 790 2132 Dianae
804 2083 898 2144 tempii
910 2083 1084 2135 simulacrum
1097 2085 1183 2135 tuisse

127 2179 289 2218 censeamus
311 2181 425 2230 parvum
448 2170 574 2232 tempium
601 2170 681 2234 iliud,
705 2169 776 2230 quoe
794 2167 823 2218 iu
842 2168 933 2229 capite
952 2174 1061 2220 statuae
1080 2169 1184 2220 Dianae

128 2252 263 2316 Ephesiae
280 2255 402 2318 repperit
417 2259 499 2318 atquc
521 2253 704 2305 recentissimi
727 2251 821 2315 templi
844 2248 961 2315 effigiem
981 2253 1088 2304 censuit
1106 2252 1182 2316 Gay-

128 2340 172 2388 ius
196 2341 233 2389 Μ.
258 2341 282 2390 d.
306 2343 338 2390 Α.
362 2342 386 2390 (1.
411 2341 516 2408 LXX,
539 2354 566 2402 p.
590 2336 641 2390 431
661 2353 699 2389 ss.
807 2330 844 2400 4)
863 2336 904 2386 Cf.
923 2339 1039 2387 Mueller
1057 2339 1138 2386 Arch.
1157 2339 1182 2387 d.

129 2426 227 2475 Kunst.
247 2420 271 2490 §.
289 2422 338 2490 60,
357 2407 389 2487 p.'
402 2423 447 2475 39.
465 2424 509 2476 40.
546 2421 570 2490 §.
589 2421 639 2492 80,
658 2439 684 2487 p.
704 2421 747 2474 57.
766 2447 802 2458 -
820 2423 883 2472 ilict
900 2423 1011 2484 Tempei
1030 2424 1078 2472 der
1095 2423 1184 2472 Diana

128 2525 184 2561 von
201 2500 325 2574 Ephesus
343 2525 369 2572 p.
385 2507 426 2560 11.
439 2533 475 2548 -
486 2511 574 2560 Multo
593 2511 741 2562 remotiora
760 2509 837 2560 initia
856 2509 947 2570 posuit·
965 2507 1093 2558 ii'hiersch
1106 2511 1182 2570 Epo-

128 2599 197 2647 chen
215 2598 251 2663 li,
271 2612 296 2660 p.
318 2594 377 2646 136.
477 2589 514 2659 5)
535 2595 670 2663 Vibulli,
692 2594 716 2646 1.
753 2597 819 2645 item
838 2598 935 2656 postes
952 2593 1057 2644 Dianae
1076 2594 1183 2644 cousti-

128 2686 207 2734 tuere
227 2684 320 2732 cedern
339 2687 502 2743 quiaerentes
520 2677 645 2747 (iones).
660 2709 690 2720 -
704 2681 818 2744 Dionys.
837 2678 925 2730 Helie.
943 2679 993 2743 iv,
1012 2677 1056 2729 25.
1069 2706 1103 2716 -
1118 2683 1184 2730 Attr-

128 2769 202 2820 Vict.
221 2769 280 2818 Vir.
299 2768 417 2833 iii.Vi1,
436 2764 584 2818 9Arnzen.
654 2761 690 2831 6)
710 2766 893 2817 Communiter
905 2778 922 2816 e
935 2764 1089 2816 civitatibus
1101 2765 1184 2816 Asiae

128 2855 232 2906 sactum
251 2853 310 2903 hir.
329 2855 352 2919 i,
370 2851 414 2901 45.
451 2854 522 2903 Tota
539 2852 606 2903 Asin
629 2855 787 2904 exstruente
811 2853 879 2902 Piin.
898 2852 972 2916 XVi,
992 2847 1034 2901 iu.
1070 2853 1183 2902 Factum

129 2954 146 2990 a
165 2938 381 2990 toiaAsiui’iin.
399 2939 531 3004 XXXVI,
549 2937 593 2988 hi.
629 2937 778 2990 Columnae
796 2952 813 2988 a
830 2937 948 3001 singulis
964 2937 1076 3002 regibus
1094 2939 1184 2988 laetae

129 3027 199 3076 Plio.
219 3025 255 3075 ib.
328 3020 362 3090 i)
381 3026 410 3075 in
429 3027 490 3075 soie
509 3024 535 3074 id
554 3025 669 3085 palustri
680 3027 782 3090 iacere,
801 3035 836 3072 ne
854 3027 945 3072 terrae
959 3028 1047 3072 motus
1058 3023 1183 3085 sentiret,

130 3117 179 3162 sut
197 3111 289 3162 hiatus
313 3111 430 3162 timeret.
466 3109 535 3158 Piin.
554 3109 683 3172 XXXVI,
706 3107 750 3157 21.
784 3109 815 3154 in
838 3106 893 3156 situ
916 3106 1009 3166 tempii
1031 3103 1184 3156 deliniendo

131 3196 185 3260 (ci.
205 3197 260 3247 tub.
279 3198 315 3262 ii,
333 3191 419 3262 a).ab
437 3194 554 3245 omnium
573 3193 646 3259 tere,
665 3176 761 3254 quide
780 3204 813 3240 eo
832 3191 957 3240 dixerunt
974 3189 1119 3239 sententiis
1135 3204 1184 3240 re-

130 3283 276 3347 cessimus,
296 3284 388 3334 nruitis
406 3280 556 3332 rationibus
574 3278 658 3344 ducti,
669 3273 707 3327 'ut
725 3275 818 3338 tempii
835 3275 964 3326 distentia
982 3277 1015 3325 ab
1032 3276 1108 3339 urbe,
1127 3276 1184 3336 pri-

130 3369 195 3421 stini
220 3369 317 3419 sacelli
340 3367 477 3431 Pelasgici
501 3366 555 3416 situ
579 3366 612 3416 ud
632 3363 793 3428 Gbysirum,
817 3362 903 3424 ipsius
924 3359 1029 3423 paludis
1047 3361 1184 3410 mentione

130 3454 220 3520 (apud
239 3449 382 3520 Plinium),
402 3451 481 3517 qu'us
500 3452 569 3502 situs
587 3448 773 3512 Xenophontis
792 3447 881 3498 verbis
899 3441 983 3511 (Heli.
1003 3447 1025 3512 1,
1043 3444 1070 3512 2,
1090 3443 1122 3509 1)
1141 3446 1183 3496 (11-

130 3547 206 3593 serto
226 3539 414 3603 constituitur,
435 3534 582 3590 ucc'eriente
601 3533 716 3599 denique
734 3533 853 3586 Vitruvii
870 3534 934 3582 loeo
952 3533 987 3598 X,
1006 3531 1038 3598 6,
1058 3531 1101 3595 qui
1120 3545 1184 3582 seu·
1235 3573 1241 3590 ,

131 3641 229 3691 porum
247 3633 277 3677 et
296 3626 484 3688 epistyliorum
509 3624 633 3675 vectione
656 3621 811 3688 descripta,
832 3620 872 3670 itu
893 3621 926 3669 de
945 3618 990 3668 vic
1007 3618 1109 3683 pergit:
1134 3632 1186 3670 nec

132 3716 206 3764 uiins
224 3717 268 3764 est·
286 3711 383 3776 clivus,
402 3713 452 3760 seri
464 3715 609 3772 perpetuus
618 3721 743 3774 campus,
762 3712 791 3758 ut
809 3708 901 3768 paullo
913 3717 996 3767 supra
1008 3707 1185 3766 campestrem

131 3801 237 3850 viarum
262 3797 456 3848 mollitudinem
476 3798 626 3847 denotarat.
668 3797 744 3855 Quod
769 3793 795 3843 in
819 3806 879 3842 eum
904 3796 1006 3842 tantum
1030 3789 1121 3852 templi
1144 3791 1186 3840 si-

132 3891 187 3936 tum
208 3887 323 3948 quaerat
347 3896 425 3945 quem
449 3895 499 3932 nes
525 3881 671 3944 posuimus.
714 3879 755 3929 Gt.
779 3879 914 3932 Chandier
936 3891 999 3940 pag.
1024 3872 1084 3926 137.
1109 3888 1133 3924 e.
1159 3887 1185 3926 n.

133 3967 168 4035 8)
190 3954 272 4036 11113.
290 3972 383 4021 baert.
402 3969 437 4034 il,
457 3965 483 4034 8,
505 3965 546 4017 19.
564 3967 633 4018 Piin.
652 3967 722 4016 i.1.:
747 3978 781 4016 ne
800 3965 827 4014 in
846 3965 949 4014 lubrico
968 3966 1049 4026 atqtre
1068 3962 1186 4012 instabili

134 4059 309 4110 hindsmentu
328 4060 420 4108 tentae
438 4054 519 4104 molis
536 4055 703 4118 iocarentur,
723 4051 837 4102 caleatis
856 4063 890 4102 ea
902 4051 1076 4100 substravere
1088 4050 1186 4098 curbo-

134 4143 222 4211 uibus,
241 4143 303 4194 dein
322 4141 467 4192 velleribus
485 4141 574 4190 ienae.

948 4219 984 4278 ll
