<?xml version="1.0" encoding="UTF-8"?>
<!DOCTYPE html PUBLIC "-//W3C//DTD XHTML 1.0 Transitional//EN"
    "http://www.w3.org/TR/xhtml1/DTD/xhtml1-transitional.dtd">
<html xmlns="http://www.w3.org/1999/xhtml" xml:lang="en" lang="en">
 <head>
  <title>
</title>
<meta http-equiv="Content-Type" content="text/html;charset=utf-8" />
  <meta name='ocr-system' content='tesseract 3.04.00' />
  <meta name='ocr-capabilities' content='ocr_page ocr_carea ocr_par ocr_line ocrx_word'/>
</head>
<body>
  <div class='ocr_page' id='page_1' title='image "./ephesiaca00guhlgoog_0064.png"; bbox 0 0 2866 4736; ppageno 0'>
   <div class='ocr_carea' id='block_1_1' title="bbox 1104 309 1151 384">
    <p class='ocr_par' dir='ltr' id='par_1_1' title="bbox 1104 309 1151 384">
     <span class='ocr_line' id='line_1_1' title="bbox 1104 309 1151 384; baseline 0.085 -4"><span class='ocrx_word' id='word_1_1' title='bbox 1104 309 1151 384; x_wconf 90' lang='grc'><strong>41</strong></span> 
     </span>
    </p>
   </div>
   <div class='ocr_carea' id='block_1_2' title="bbox 95 463 1153 578">
    <p class='ocr_par' dir='ltr' id='par_1_2' title="bbox 95 463 1153 578">
     <span class='ocr_line' id='line_1_2' title="bbox 95 463 1153 578; baseline 0.004 -24"><span class='ocrx_word' id='word_1_2' title='bbox 95 487 171 554; x_wconf 91' lang='lat' dir='ltr'><strong>solo</strong></span> <span class='ocrx_word' id='word_1_3' title='bbox 195 497 303 552; x_wconf 90' lang='lat' dir='ltr'><strong>tamen</strong></span> <span class='ocrx_word' id='word_1_4' title='bbox 331 487 452 575; x_wconf 87' lang='lat' dir='ltr'><strong>templo</strong></span> <span class='ocrx_word' id='word_1_5' title='bbox 475 489 639 575; x_wconf 87' lang='lat' dir='ltr'><strong>Ephesino</strong></span> <span class='ocrx_word' id='word_1_6' title='bbox 669 488 819 556; x_wconf 82' lang='lat' dir='ltr'><strong>abstinuit</strong></span> <span class='ocrx_word' id='word_1_7' title='bbox 833 463 889 571; x_wconf 30' lang='grc'><strong>89’)’</strong></span> <span class='ocrx_word' id='word_1_8' title='bbox 907 527 947 544; x_wconf 89' lang='lat'><em>-</em></span> <span class='ocrx_word' id='word_1_9' title='bbox 970 491 1153 578; x_wconf 81' lang='lat' dir='ltr'><strong>frequentes</strong></span> 
     </span>
    </p>
   </div>
   <div class='ocr_carea' id='block_1_3' title="bbox 95 591 1249 681">
    <p class='ocr_par' dir='ltr' id='par_1_3' title="bbox 95 591 1249 681">
     <span class='ocr_line' id='line_1_3' title="bbox 95 591 1249 681; baseline 0.004 -24"><span class='ocrx_word' id='word_1_10' title='bbox 95 594 267 680; x_wconf 80' lang='lat' dir='ltr'><strong>Persarum</strong></span> <span class='ocrx_word' id='word_1_11' title='bbox 291 591 515 671; x_wconf 70' lang='lat' dir='ltr'><strong>adsalamina,</strong></span> <span class='ocrx_word' id='word_1_12' title='bbox 536 592 689 674; x_wconf 74' lang='lat' dir='ltr'><strong>Plataeas,</strong></span> <span class='ocrx_word' id='word_1_13' title='bbox 711 593 864 678; x_wconf 79' lang='lat' dir='ltr'><strong>Mycalen</strong></span> <span class='ocrx_word' id='word_1_14' title='bbox 886 593 1024 681; x_wconf 84' lang='lat' dir='ltr'><strong>denique</strong></span> <span class='ocrx_word' id='word_1_15' title='bbox 1046 595 1153 662; x_wconf 78' lang='lat' dir='ltr'><strong>clades</strong></span> <span class='ocrx_word' id='word_1_16' title='bbox 1242 637 1249 650; x_wconf 84' lang='lat'>·</span> 
     </span>
    </p>
   </div>
   <div class='ocr_carea' id='block_1_4' title="bbox 96 695 1156 991">
    <p class='ocr_par' dir='ltr' id='par_1_4' title="bbox 96 695 1156 991">
     <span class='ocr_line' id='line_1_4' title="bbox 96 695 1154 787; baseline 0.005 -27"><span class='ocrx_word' id='word_1_17' title='bbox 96 698 207 778; x_wconf 84' lang='grc'>(480)</span> <span class='ocrx_word' id='word_1_18' title='bbox 230 697 345 762; x_wconf 90' lang='lat' dir='ltr'><strong>Ionum</strong></span> <span class='ocrx_word' id='word_1_19' title='bbox 358 695 512 762; x_wconf 83' lang='lat' dir='ltr'><strong>libertatis</strong></span> <span class='ocrx_word' id='word_1_20' title='bbox 529 695 764 782; x_wconf 84' lang='lat' dir='ltr'><strong>recuperandae</strong></span> <span class='ocrx_word' id='word_1_21' title='bbox 779 719 853 783; x_wconf 86' lang='lat' dir='ltr'><strong>spes</strong></span> <span class='ocrx_word' id='word_1_22' title='bbox 877 719 1074 787; x_wconf 77' lang='lat' dir='ltr'><strong>magnopere</strong></span> <span class='ocrx_word' id='word_1_23' title='bbox 1101 721 1154 766; x_wconf 87' lang='lat' dir='ltr'><strong>au-</strong></span> 
     </span>
     <span class='ocr_line' id='line_1_5' title="bbox 96 801 1154 886; baseline 0.002 -22"><span class='ocrx_word' id='word_1_24' title='bbox 96 807 221 878; x_wconf 85' lang='lat' dir='ltr'><strong>xerunt,</strong></span> <span class='ocrx_word' id='word_1_25' title='bbox 245 821 388 886; x_wconf 90' lang='lat' dir='ltr'><strong>quaene</strong></span> <span class='ocrx_word' id='word_1_26' title='bbox 410 801 444 864; x_wconf 88' lang='lat' dir='ltr'><strong>in</strong></span> <span class='ocrx_word' id='word_1_27' title='bbox 466 802 596 864; x_wconf 91' lang='lat' dir='ltr'><strong>nimium</strong></span> <span class='ocrx_word' id='word_1_28' title='bbox 618 809 796 866; x_wconf 79' lang='lat' dir='ltr'><strong>crescentes</strong></span> <span class='ocrx_word' id='word_1_29' title='bbox 811 804 927 868; x_wconf 84' lang='lat' dir='ltr'><strong>noxiae</strong></span> <span class='ocrx_word' id='word_1_30' title='bbox 947 803 1010 868; x_wconf 91' lang='lat' dir='ltr'><strong>sibi</strong></span> <span class='ocrx_word' id='word_1_31' title='bbox 1030 801 1154 882; x_wconf 88' lang='lat' dir='ltr'><strong>fierent,</strong></span> 
     </span>
     <span class='ocr_line' id='line_1_6' title="bbox 97 901 1156 991; baseline 0.005 -24"><span class='ocrx_word' id='word_1_32' title='bbox 97 904 218 968; x_wconf 87' lang='lat' dir='ltr'><strong>Persae</strong></span> <span class='ocrx_word' id='word_1_33' title='bbox 241 902 342 968; x_wconf 87' lang='lat' dir='ltr'><strong>classe</strong></span> <span class='ocrx_word' id='word_1_34' title='bbox 363 923 467 990; x_wconf 85' lang='lat' dir='ltr'><strong>prope</strong></span> <span class='ocrx_word' id='word_1_35' title='bbox 495 903 622 968; x_wconf 88' lang='lat' dir='ltr'><strong>Samum</strong></span> <span class='ocrx_word' id='word_1_36' title='bbox 654 901 812 968; x_wconf 90' lang='lat' dir='ltr'><strong>collocata</strong></span> <span class='ocrx_word' id='word_1_37' title='bbox 840 915 1005 985; x_wconf 87' lang='lat' dir='ltr'><strong>caverunt,</strong></span> <span class='ocrx_word' id='word_1_38' title='bbox 1034 927 1104 991; x_wconf 84' lang='lat' dir='ltr'><strong>qua.</strong></span> <span class='ocrx_word' id='word_1_39' title='bbox 1123 915 1156 972; x_wconf 89' lang='lat' dir='ltr'><strong>et</strong></span> 
     </span>
    </p>
   </div>
   <div class='ocr_carea' id='block_1_5' title="bbox 99 1006 1258 1095">
    <p class='ocr_par' dir='ltr' id='par_1_5' title="bbox 99 1006 1258 1095">
     <span class='ocr_line' id='line_1_7' title="bbox 99 1006 1258 1095; baseline 0.003 -23"><span class='ocrx_word' id='word_1_40' title='bbox 99 1028 213 1072; x_wconf 89' lang='lat' dir='ltr'><strong>omnes</strong></span> <span class='ocrx_word' id='word_1_41' title='bbox 237 1006 426 1072; x_wconf 88' lang='lat' dir='ltr'><strong>delectionis</strong></span> <span class='ocrx_word' id='word_1_42' title='bbox 449 1016 582 1072; x_wconf 88' lang='lat' dir='ltr'><strong>conatus</strong></span> <span class='ocrx_word' id='word_1_43' title='bbox 608 1027 644 1072; x_wconf 88' lang='lat' dir='ltr'><strong>se</strong></span> <span class='ocrx_word' id='word_1_44' title='bbox 671 1027 875 1093; x_wconf 74' lang='lat' dir='ltr'><strong>reprensuros</strong></span> <span class='ocrx_word' id='word_1_45' title='bbox 904 1009 1090 1095; x_wconf 87' lang='lat' dir='ltr'><strong>sperabant,</strong></span> <span class='ocrx_word' id='word_1_46' title='bbox 1113 1020 1154 1090; x_wconf 83' lang='lat' dir='ltr'><strong>et,</strong></span> <span class='ocrx_word' id='word_1_47' title='bbox 1251 1047 1258 1060; x_wconf 95' lang='lat'>·</span> 
     </span>
    </p>
   </div>
   <div class='ocr_carea' id='block_1_6' title="bbox 98 1109 1233 2026">
    <p class='ocr_par' dir='ltr' id='par_1_6' title="bbox 98 1109 1233 2026">
     <span class='ocr_line' id='line_1_8' title="bbox 98 1109 1154 1198; baseline 0.004 -23"><span class='ocrx_word' id='word_1_48' title='bbox 98 1133 140 1176; x_wconf 91' lang='lat' dir='ltr'><strong>ne</strong></span> <span class='ocrx_word' id='word_1_49' title='bbox 163 1109 241 1196; x_wconf 90' lang='lat' dir='ltr'><strong>qnid</strong></span> <span class='ocrx_word' id='word_1_50' title='bbox 257 1109 364 1175; x_wconf 87' lang='lat' dir='ltr'><strong>auxilii</strong></span> <span class='ocrx_word' id='word_1_51' title='bbox 378 1110 606 1178; x_wconf 83' lang='lat' dir='ltr'><strong>adscisceretur</strong></span> <span class='ocrx_word' id='word_1_52' title='bbox 619 1109 827 1195; x_wconf 89' lang='lat' dir='ltr'><strong>impedituros</strong></span> <span class='ocrx_word' id='word_1_53' title='bbox 843 1112 901 1192; x_wconf 84' lang='lat'><strong>⁴⁰).</strong></span> <span class='ocrx_word' id='word_1_54' title='bbox 945 1113 984 1176; x_wconf 91' lang='lat' dir='ltr'><strong>ln</strong></span> <span class='ocrx_word' id='word_1_55' title='bbox 1002 1131 1065 1198; x_wconf 93' lang='lat' dir='ltr'><strong>quo</strong></span> <span class='ocrx_word' id='word_1_56' title='bbox 1081 1113 1154 1178; x_wconf 90' lang='lat' dir='ltr'><strong>falsi</strong></span> 
     </span>
     <span class='ocr_line' id='line_1_9' title="bbox 99 1213 1154 1302; baseline 0.003 -22"><span class='ocrx_word' id='word_1_57' title='bbox 99 1224 182 1280; x_wconf 91' lang='lat' dir='ltr'><strong>sunt.</strong></span> <span class='ocrx_word' id='word_1_58' title='bbox 245 1214 436 1300; x_wconf 87' lang='lat' dir='ltr'><strong>Saepissime</strong></span> <span class='ocrx_word' id='word_1_59' title='bbox 465 1217 548 1280; x_wconf 90' lang='lat' dir='ltr'><strong>enim</strong></span> <span class='ocrx_word' id='word_1_60' title='bbox 576 1213 690 1302; x_wconf 82' lang='lat' dir='ltr'><strong>legatis</strong></span> <span class='ocrx_word' id='word_1_61' title='bbox 720 1213 856 1280; x_wconf 78' lang='lat' dir='ltr'><strong>feliciter</strong></span> <span class='ocrx_word' id='word_1_62' title='bbox 884 1215 1023 1280; x_wconf 85' lang='lat' dir='ltr'><strong>Athenas</strong></span> <span class='ocrx_word' id='word_1_63' title='bbox 1051 1219 1154 1282; x_wconf 87' lang='lat' dir='ltr'><strong>missis</strong></span> 
     </span>
     <span class='ocr_line' id='line_1_10' title="bbox 98 1317 1184 1406; baseline -0.001 -21"><span class='ocrx_word' id='word_1_64' title='bbox 98 1319 209 1406; x_wconf 91' lang='lat' dir='ltr'><strong>ibique</strong></span> <span class='ocrx_word' id='word_1_65' title='bbox 230 1319 371 1405; x_wconf 81' lang='lat' dir='ltr'><strong>benigne</strong></span> <span class='ocrx_word' id='word_1_66' title='bbox 393 1320 530 1403; x_wconf 91' lang='lat' dir='ltr'><strong>acceptis</strong></span> <span class='ocrx_word' id='word_1_67' title='bbox 546 1318 603 1397; x_wconf 88' lang='lat'><strong>⁴¹),</strong></span> <span class='ocrx_word' id='word_1_68' title='bbox 625 1318 754 1398; x_wconf 88' lang='lat' dir='ltr'><strong>Persas,</strong></span> <span class='ocrx_word' id='word_1_69' title='bbox 776 1317 1083 1405; x_wconf 79' lang='lat' dir='ltr'><strong>quorumpedester</strong></span> <span class='ocrx_word' id='word_1_70' title='bbox 1105 1341 1155 1386; x_wconf 84' lang='lat' dir='ltr'><strong>ex·</strong></span> <span class='ocrx_word' id='word_1_71' title='bbox 1180 1375 1184 1384; x_wconf 87' lang='lat'>.</span> 
     </span>
     <span class='ocr_line' id='line_1_11' title="bbox 100 1419 1155 1510; baseline 0.002 -24"><span class='ocrx_word' id='word_1_72' title='bbox 100 1425 218 1487; x_wconf 83' lang='lat' dir='ltr'><strong>arcitus</strong></span> <span class='ocrx_word' id='word_1_73' title='bbox 240 1421 282 1486; x_wconf 92' lang='lat' dir='ltr'><strong>ad</strong></span> <span class='ocrx_word' id='word_1_74' title='bbox 304 1419 458 1506; x_wconf 80' lang='lat' dir='ltr'><strong>Mycalen</strong></span> <span class='ocrx_word' id='word_1_75' title='bbox 478 1423 567 1486; x_wconf 90' lang='lat' dir='ltr'><strong>stetit</strong></span> <span class='ocrx_word' id='word_1_76' title='bbox 582 1422 639 1502; x_wconf 86' lang='lat'><strong>⁴²),</strong></span> <span class='ocrx_word' id='word_1_77' title='bbox 661 1421 779 1486; x_wconf 89' lang='lat' dir='ltr'><strong>Graeci</strong></span> <span class='ocrx_word' id='word_1_78' title='bbox 804 1425 947 1510; x_wconf 77' lang='lat' dir='ltr'><strong>aggressi</strong></span> <span class='ocrx_word' id='word_1_79' title='bbox 968 1432 1056 1502; x_wconf 92' lang='lat' dir='ltr'><strong>sunt,</strong></span> <span class='ocrx_word' id='word_1_80' title='bbox 1085 1443 1155 1488; x_wconf 89' lang='lat' dir='ltr'><strong>eos-</strong></span> 
     </span>
     <span class='ocr_line' id='line_1_12' title="bbox 100 1525 1156 1612; baseline 0.002 -22"><span class='ocrx_word' id='word_1_81' title='bbox 100 1547 164 1612; x_wconf 91' lang='lat' dir='ltr'><strong>que</strong></span> <span class='ocrx_word' id='word_1_82' title='bbox 186 1525 346 1611; x_wconf 81' lang='lat' dir='ltr'><strong>frequenti</strong></span> <span class='ocrx_word' id='word_1_83' title='bbox 363 1526 486 1605; x_wconf 92' lang='lat' dir='ltr'><strong>lonum,</strong></span> <span class='ocrx_word' id='word_1_84' title='bbox 508 1527 562 1612; x_wconf 93' lang='lat' dir='ltr'><strong>qui</strong></span> <span class='ocrx_word' id='word_1_85' title='bbox 583 1527 617 1590; x_wconf 93' lang='lat' dir='ltr'><strong>in</strong></span> <span class='ocrx_word' id='word_1_86' title='bbox 631 1525 797 1592; x_wconf 87' lang='lat' dir='ltr'><strong>Persarum</strong></span> <span class='ocrx_word' id='word_1_87' title='bbox 820 1530 958 1593; x_wconf 84' lang='lat' dir='ltr'><strong>exercitu</strong></span> <span class='ocrx_word' id='word_1_88' title='bbox 981 1538 1079 1608; x_wconf 89' lang='lat' dir='ltr'><strong>erant,</strong></span> <span class='ocrx_word' id='word_1_89' title='bbox 1101 1526 1156 1592; x_wconf 91' lang='lat' dir='ltr'><strong>de-</strong></span> 
     </span>
     <span class='ocr_line' id='line_1_13' title="bbox 100 1626 1156 1715; baseline 0.006 -23"><span class='ocrx_word' id='word_1_90' title='bbox 100 1628 245 1693; x_wconf 80' lang='lat' dir='ltr'><strong>iectione</strong></span> <span class='ocrx_word' id='word_1_91' title='bbox 266 1627 365 1714; x_wconf 89' lang='lat' dir='ltr'><strong>adjuti</strong></span> <span class='ocrx_word' id='word_1_92' title='bbox 381 1629 431 1710; x_wconf 82' lang='lat'><strong>⁴³)</strong></span> <span class='ocrx_word' id='word_1_93' title='bbox 453 1626 579 1714; x_wconf 87' lang='lat' dir='ltr'><strong>proelio</strong></span> <span class='ocrx_word' id='word_1_94' title='bbox 603 1626 789 1694; x_wconf 88' lang='lat' dir='ltr'><strong>devicerunt</strong></span> <span class='ocrx_word' id='word_1_95' title='bbox 805 1631 921 1710; x_wconf 86' lang='grc'>(479).</span> <span class='ocrx_word' id='word_1_96' title='bbox 967 1629 1042 1715; x_wconf 86' lang='lat' dir='ltr'><strong>Qua</strong></span> <span class='ocrx_word' id='word_1_97' title='bbox 1056 1635 1156 1700; x_wconf 87' lang='lat' dir='ltr'><strong>victo-</strong></span> 
     </span>
     <span class='ocr_line' id='line_1_14' title="bbox 102 1730 1155 1818; baseline 0.006 -22"><span class='ocrx_word' id='word_1_98' title='bbox 102 1734 151 1796; x_wconf 90' lang='lat' dir='ltr'><strong>ria</strong></span> <span class='ocrx_word' id='word_1_99' title='bbox 173 1734 285 1796; x_wconf 86' lang='lat' dir='ltr'><strong>iterum</strong></span> <span class='ocrx_word' id='word_1_100' title='bbox 308 1732 421 1796; x_wconf 90' lang='lat' dir='ltr'><strong>Ionum</strong></span> <span class='ocrx_word' id='word_1_101' title='bbox 443 1730 572 1796; x_wconf 86' lang='lat' dir='ltr'><strong>libertas</strong></span> <span class='ocrx_word' id='word_1_102' title='bbox 594 1735 739 1798; x_wconf 88' lang='lat' dir='ltr'><strong>restituta</strong></span> <span class='ocrx_word' id='word_1_103' title='bbox 761 1742 810 1796; x_wconf 90' lang='lat' dir='ltr'><strong>est</strong></span> <span class='ocrx_word' id='word_1_104' title='bbox 821 1732 880 1812; x_wconf 88' lang='lat'><strong>⁴⁴),</strong></span> <span class='ocrx_word' id='word_1_105' title='bbox 902 1755 994 1818; x_wconf 90' lang='lat' dir='ltr'><strong>qnam</strong></span> <span class='ocrx_word' id='word_1_106' title='bbox 1010 1733 1155 1802; x_wconf 85' lang='lat' dir='ltr'><strong>Cimonis</strong></span> 
     </span>
     <span class='ocr_line' id='line_1_15' title="bbox 101 1833 1233 1921; baseline 0.005 -21"><span class='ocrx_word' id='word_1_107' title='bbox 101 1833 142 1900; x_wconf 92' lang='lat' dir='ltr'><strong>ad</strong></span> <span class='ocrx_word' id='word_1_108' title='bbox 158 1833 431 1920; x_wconf 79' lang='lat' dir='ltr'><strong>Eurymedontem</strong></span> <span class='ocrx_word' id='word_1_109' title='bbox 455 1838 587 1900; x_wconf 87' lang='lat' dir='ltr'><strong>victoria</strong></span> <span class='ocrx_word' id='word_1_110' title='bbox 608 1837 702 1917; x_wconf 86' lang='grc'>(469)</span> <span class='ocrx_word' id='word_1_111' title='bbox 726 1845 769 1915; x_wconf 87' lang='lat' dir='ltr'><strong>et,</strong></span> <span class='ocrx_word' id='word_1_112' title='bbox 782 1857 863 1921; x_wconf 92' lang='lat' dir='ltr'><strong>quae</strong></span> <span class='ocrx_word' id='word_1_113' title='bbox 880 1837 963 1902; x_wconf 88' lang='lat' dir='ltr'><strong>hanc</strong></span> <span class='ocrx_word' id='word_1_114' title='bbox 985 1838 1156 1906; x_wconf 86' lang='lat' dir='ltr'><strong>subsecuta</strong></span> <span class='ocrx_word' id='word_1_115' title='bbox 1230 1843 1233 1849; x_wconf 82' lang='lat'>&#39;</span> 
     </span>
     <span class='ocr_line' id='line_1_16' title="bbox 102 1939 979 2026; baseline 0.002 -22"><span class='ocrx_word' id='word_1_116' title='bbox 102 1948 158 2019; x_wconf 87' lang='lat' dir='ltr'><strong>est,</strong></span> <span class='ocrx_word' id='word_1_117' title='bbox 180 1959 241 2024; x_wconf 85' lang='lat' dir='ltr'><strong>pax</strong></span> <span class='ocrx_word' id='word_1_118' title='bbox 263 1941 369 2022; x_wconf 88' lang='grc'>(449)</span> <span class='ocrx_word' id='word_1_119' title='bbox 391 1941 424 2004; x_wconf 93' lang='lat' dir='ltr'><strong>in</strong></span> <span class='ocrx_word' id='word_1_120' title='bbox 446 1950 609 2026; x_wconf 91' lang='lat' dir='ltr'><strong>posterum</strong></span> <span class='ocrx_word' id='word_1_121' title='bbox 632 1942 726 2006; x_wconf 88' lang='lat' dir='ltr'><strong>etiam</strong></span> <span class='ocrx_word' id='word_1_122' title='bbox 748 1939 979 2008; x_wconf 87' lang='lat' dir='ltr'><strong>stabiliverunt.</strong></span> 
     </span>
    </p>
   </div>
   <div class='ocr_carea' id='block_1_7' title="bbox 102 2161 1155 2477">
    <p class='ocr_par' dir='ltr' id='par_1_7' title="bbox 102 2161 1155 2477">
     <span class='ocr_line' id='line_1_17' title="bbox 577 2161 704 2248; baseline 0 0"><span class='ocrx_word' id='word_1_123' title='bbox 577 2161 704 2248; x_wconf 59' lang='lat' dir='ltr'><strong>§a</strong></span> 
     </span>
     <span class='ocr_line' id='line_1_18' title="bbox 102 2283 1155 2381; baseline -0.001 -20"><span class='ocrx_word' id='word_1_124' title='bbox 102 2301 170 2363; x_wconf 86' lang='lat' dir='ltr'><strong>Pars</strong></span> <span class='ocrx_word' id='word_1_125' title='bbox 190 2302 333 2376; x_wconf 82' lang='lat' dir='ltr'><strong>secunda3</strong></span> <span class='ocrx_word' id='word_1_126' title='bbox 369 2283 489 2381; x_wconf 80' lang='lat' dir='ltr'><strong>Ephesii</strong></span> <span class='ocrx_word' id='word_1_127' title='bbox 512 2301 598 2362; x_wconf 90' lang='lat' dir='ltr'><strong>liberi</strong></span> <span class='ocrx_word' id='word_1_128' title='bbox 622 2301 840 2378; x_wconf 85' lang='lat' dir='ltr'><strong>bellorumque,</strong></span> <span class='ocrx_word' id='word_1_129' title='bbox 866 2319 942 2378; x_wconf 90' lang='lat' dir='ltr'><strong>quae</strong></span> <span class='ocrx_word' id='word_1_130' title='bbox 965 2299 1069 2360; x_wconf 84' lang='lat' dir='ltr'><strong>Graeci</strong></span> <span class='ocrx_word' id='word_1_131' title='bbox 1094 2319 1155 2380; x_wconf 82' lang='lat' dir='ltr'><strong>ges-</strong></span> 
     </span>
     <span class='ocr_line' id='line_1_19' title="bbox 316 2394 941 2477; baseline -0.003 -21"><span class='ocrx_word' id='word_1_132' title='bbox 316 2407 427 2474; x_wconf 89' lang='lat' dir='ltr'><strong>serunt,</strong></span> <span class='ocrx_word' id='word_1_133' title='bbox 447 2397 601 2477; x_wconf 87' lang='lat' dir='ltr'><strong>participes</strong></span> <span class='ocrx_word' id='word_1_134' title='bbox 621 2395 665 2474; x_wconf 85' lang='lat' dir='ltr'><strong>(a.</strong></span> <span class='ocrx_word' id='word_1_135' title='bbox 686 2395 822 2455; x_wconf 85' lang='grc' dir='ltr'>449-ιι.</span> <span class='ocrx_word' id='word_1_136' title='bbox 843 2394 941 2473; x_wconf 81' lang='grc'>387.)</span> 
     </span>
    </p>
   </div>
   <div class='ocr_carea' id='block_1_8' title="bbox 99 2537 1229 3565">
    <p class='ocr_par' dir='ltr' id='par_1_8' title="bbox 100 2537 1229 3260">
     <span class='ocr_line' id='line_1_20' title="bbox 189 2537 1229 2632; baseline -0.001 -21"><span class='ocrx_word' id='word_1_137' title='bbox 189 2547 390 2632; x_wconf 85' lang='lat' dir='ltr'><strong>Recuperata</strong></span> <span class='ocrx_word' id='word_1_138' title='bbox 403 2537 565 2610; x_wconf 59' lang='lat' dir='ltr'><strong>‘libertate</strong></span> <span class='ocrx_word' id='word_1_139' title='bbox 594 2545 737 2631; x_wconf 89' lang='lat' dir='ltr'><strong>Ephesii,</strong></span> <span class='ocrx_word' id='word_1_140' title='bbox 766 2555 801 2610; x_wconf 91' lang='lat' dir='ltr'><strong>ut</strong></span> <span class='ocrx_word' id='word_1_141' title='bbox 829 2547 976 2610; x_wconf 89' lang='lat' dir='ltr'><strong>universa</strong></span> <span class='ocrx_word' id='word_1_142' title='bbox 1006 2544 1097 2611; x_wconf 90' lang='lat' dir='ltr'><strong>lonia</strong></span> <span class='ocrx_word' id='word_1_143' title='bbox 1115 2547 1156 2630; x_wconf 92' lang='lat'><strong>¹),</strong></span> <span class='ocrx_word' id='word_1_144' title='bbox 1225 2619 1229 2627; x_wconf 15' lang='lat' dir='ltr'><strong>q</strong></span> 
     </span>
     <span class='ocr_line' id='line_1_21' title="bbox 101 2649 1157 2738; baseline -0.001 -23"><span class='ocrx_word' id='word_1_145' title='bbox 101 2651 350 2734; x_wconf 76' lang='lat' dir='ltr'><strong>Atheniensium,</strong></span> <span class='ocrx_word' id='word_1_146' title='bbox 372 2658 408 2714; x_wconf 90' lang='lat' dir='ltr'><strong>ut</strong></span> <span class='ocrx_word' id='word_1_147' title='bbox 430 2650 542 2735; x_wconf 81' lang='lat' dir='ltr'><strong>quibus</strong></span> <span class='ocrx_word' id='word_1_148' title='bbox 565 2649 719 2714; x_wconf 88' lang='lat' dir='ltr'><strong>libertatis</strong></span> <span class='ocrx_word' id='word_1_149' title='bbox 743 2653 875 2738; x_wconf 80' lang='lat' dir='ltr'><strong>gratiam</strong></span> <span class='ocrx_word' id='word_1_150' title='bbox 897 2649 1059 2728; x_wconf 79' lang='lat' dir='ltr'><strong>baberent,</strong></span> <span class='ocrx_word' id='word_1_151' title='bbox 1085 2671 1157 2736; x_wconf 91' lang='lat' dir='ltr'><strong>per-</strong></span> 
     </span>
     <span class='ocr_line' id='line_1_22' title="bbox 100 2749 1157 2842; baseline 0 -22"><span class='ocrx_word' id='word_1_152' title='bbox 100 2758 192 2842; x_wconf 92' lang='lat' dir='ltr'><strong>petui</strong></span> <span class='ocrx_word' id='word_1_153' title='bbox 215 2753 282 2818; x_wconf 86' lang='lat' dir='ltr'><strong>fere</strong></span> <span class='ocrx_word' id='word_1_154' title='bbox 303 2755 384 2817; x_wconf 90' lang='lat' dir='ltr'><strong>socii</strong></span> <span class='ocrx_word' id='word_1_155' title='bbox 407 2763 511 2829; x_wconf 87' lang='lat' dir='ltr'><strong>erant;</strong></span> <span class='ocrx_word' id='word_1_156' title='bbox 534 2753 630 2840; x_wconf 88' lang='lat' dir='ltr'><strong>quod,</strong></span> <span class='ocrx_word' id='word_1_157' title='bbox 644 2755 712 2818; x_wconf 43' lang='lat' dir='ltr'><strong>&#39;etsi</strong></span> <span class='ocrx_word' id='word_1_158' title='bbox 728 2749 935 2840; x_wconf 88' lang='lat' dir='ltr'><strong>Thucydides</strong></span> <span class='ocrx_word' id='word_1_159' title='bbox 959 2752 1000 2818; x_wconf 92' lang='lat' dir='ltr'><strong>de</strong></span> <span class='ocrx_word' id='word_1_160' title='bbox 1022 2755 1157 2832; x_wconf 84' lang='lat' dir='ltr'><strong>ratione,</strong></span> 
     </span>
     <span class='ocr_line' id='line_1_23' title="bbox 101 2857 1157 2946; baseline -0.003 -23"><span class='ocrx_word' id='word_1_161' title='bbox 101 2879 184 2946; x_wconf 91' lang='lat' dir='ltr'><strong>quae</strong></span> <span class='ocrx_word' id='word_1_162' title='bbox 210 2859 296 2921; x_wconf 84' lang='lat' dir='ltr'><strong>inter</strong></span> <span class='ocrx_word' id='word_1_163' title='bbox 322 2866 487 2943; x_wconf 88' lang='lat' dir='ltr'><strong>utramque</strong></span> <span class='ocrx_word' id='word_1_164' title='bbox 514 2857 625 2921; x_wconf 87' lang='lat' dir='ltr'><strong>urbem</strong></span> <span class='ocrx_word' id='word_1_165' title='bbox 654 2860 883 2936; x_wconf 86' lang='lat' dir='ltr'><strong>intercesserit,</strong></span> <span class='ocrx_word' id='word_1_166' title='bbox 917 2857 997 2922; x_wconf 93' lang='lat' dir='ltr'><strong>nibil</strong></span> <span class='ocrx_word' id='word_1_167' title='bbox 1025 2876 1157 2943; x_wconf 88' lang='lat' dir='ltr'><strong>prorsus</strong></span> 
     </span>
     <span class='ocr_line' id='line_1_24' title="bbox 101 2953 1158 3046; baseline -0.002 -20"><span class='ocrx_word' id='word_1_168' title='bbox 101 2961 221 3026; x_wconf 87' lang='lat' dir='ltr'><strong>diserte</strong></span> <span class='ocrx_word' id='word_1_169' title='bbox 249 2953 439 3046; x_wconf 82' lang='lat' dir='ltr'><strong>prodiderit,</strong></span> <span class='ocrx_word' id='word_1_170' title='bbox 475 2959 507 3024; x_wconf 86' lang='lat' dir='ltr'><strong>in</strong></span> <span class='ocrx_word' id='word_1_171' title='bbox 535 2960 623 3025; x_wconf 91' lang='lat' dir='ltr'><strong>bello</strong></span> <span class='ocrx_word' id='word_1_172' title='bbox 652 2963 851 3046; x_wconf 90' lang='lat' dir='ltr'><strong>potissimum</strong></span> <span class='ocrx_word' id='word_1_173' title='bbox 878 2959 1158 3046; x_wconf 90' lang='lat' dir='ltr'><strong>Peloponnesiaco</strong></span> 
     </span>
     <span class='ocr_line' id='line_1_25' title="bbox 102 3061 1158 3150; baseline -0.003 -22"><span class='ocrx_word' id='word_1_174' title='bbox 102 3063 209 3132; x_wconf 83' lang='lat' dir='ltr'><strong>locum</strong></span> <span class='ocrx_word' id='word_1_175' title='bbox 231 3063 380 3128; x_wconf 86' lang='lat' dir='ltr'><strong>habuisse</strong></span> <span class='ocrx_word' id='word_1_176' title='bbox 403 3065 578 3150; x_wconf 81' lang='lat' dir='ltr'><strong>evestigiis</strong></span> <span class='ocrx_word' id='word_1_177' title='bbox 602 3085 678 3127; x_wconf 89' lang='lat' dir='ltr'><strong>sane</strong></span> <span class='ocrx_word' id='word_1_178' title='bbox 700 3063 900 3149; x_wconf 89' lang='lat' dir='ltr'><strong>quibusdam</strong></span> <span class='ocrx_word' id='word_1_179' title='bbox 909 3061 1020 3150; x_wconf 85' lang='lat' dir='ltr'><strong>colligi</strong></span> <span class='ocrx_word' id='word_1_180' title='bbox 1042 3069 1158 3148; x_wconf 84' lang='lat' dir='ltr'><strong>potest,</strong></span> 
     </span>
     <span class='ocr_line' id='line_1_26' title="bbox 101 3165 850 3260; baseline -0.004 -26"><span class='ocrx_word' id='word_1_181' title='bbox 101 3171 268 3255; x_wconf 85' lang='lat' dir='ltr'><strong>quaejam</strong></span> <span class='ocrx_word' id='word_1_182' title='bbox 291 3177 469 3260; x_wconf 87' lang='lat' dir='ltr'><strong>temporum</strong></span> <span class='ocrx_word' id='word_1_183' title='bbox 492 3165 605 3230; x_wconf 89' lang='lat' dir='ltr'><strong>ordine</strong></span> <span class='ocrx_word' id='word_1_184' title='bbox 626 3166 850 3232; x_wconf 83' lang='lat' dir='ltr'><strong>referemus.</strong></span> 
     </span>
    </p>

    <p class='ocr_par' dir='ltr' id='par_1_9' title="bbox 99 3231 1160 3565">
     <span class='ocr_line' id='line_1_27' title="bbox 189 3231 1159 3358; baseline -0.004 -22"><span class='ocrx_word' id='word_1_185' title='bbox 189 3271 317 3358; x_wconf 87' lang='lat' dir='ltr'><strong>Quarto</strong></span> <span class='ocrx_word' id='word_1_186' title='bbox 348 3274 431 3336; x_wconf 90' lang='lat' dir='ltr'><strong>enim</strong></span> <span class='ocrx_word' id='word_1_187' title='bbox 459 3269 537 3334; x_wconf 87' lang='lat' dir='ltr'><strong>belli</strong></span> <span class='ocrx_word' id='word_1_188' title='bbox 563 3289 649 3334; x_wconf 91' lang='lat' dir='ltr'><strong>anno</strong></span> <span class='ocrx_word' id='word_1_189' title='bbox 672 3270 780 3348; x_wconf 75' lang='grc'>(423)</span> <span class='ocrx_word' id='word_1_190' title='bbox 803 3269 965 3355; x_wconf 85' lang='lat' dir='ltr'><strong>Ephesum</strong></span> <span class='ocrx_word' id='word_1_191' title='bbox 987 3231 1159 3333; x_wconf 85' lang='lat' dir='ltr'><strong>Athenien·</strong></span> 
     </span>
     <span class='ocr_line' id='line_1_28' title="bbox 100 3371 1159 3460; baseline -0.006 -18"><span class='ocrx_word' id='word_1_192' title='bbox 100 3381 182 3442; x_wconf 87' lang='lat' dir='ltr'><strong>sium</strong></span> <span class='ocrx_word' id='word_1_193' title='bbox 206 3378 325 3441; x_wconf 87' lang='lat' dir='ltr'><strong>sociam</strong></span> <span class='ocrx_word' id='word_1_194' title='bbox 348 3376 446 3440; x_wconf 63' lang='lat' dir='ltr'><strong>lunae</strong></span> <span class='ocrx_word' id='word_1_195' title='bbox 468 3373 544 3438; x_wconf 89' lang='lat' dir='ltr'><strong>inde</strong></span> <span class='ocrx_word' id='word_1_196' title='bbox 566 3382 707 3460; x_wconf 90' lang='lat' dir='ltr'><strong>apparet,</strong></span> <span class='ocrx_word' id='word_1_197' title='bbox 731 3372 819 3459; x_wconf 92' lang='lat' dir='ltr'><strong>qnod</strong></span> <span class='ocrx_word' id='word_1_198' title='bbox 842 3371 969 3436; x_wconf 81' lang='lat' dir='ltr'><strong>Alcides</strong></span> <span class='ocrx_word' id='word_1_199' title='bbox 987 3373 1159 3459; x_wconf 90' lang='lat' dir='ltr'><strong>Spartano-</strong></span> 
     </span>
     <span class='ocr_line' id='line_1_29' title="bbox 99 3475 1160 3565; baseline -0.003 -20"><span class='ocrx_word' id='word_1_200' title='bbox 99 3503 170 3546; x_wconf 91' lang='lat' dir='ltr'><strong>rum</strong></span> <span class='ocrx_word' id='word_1_201' title='bbox 196 3479 274 3560; x_wconf 85' lang='lat' dir='ltr'><strong>dnx„</strong></span> <span class='ocrx_word' id='word_1_202' title='bbox 291 3501 386 3565; x_wconf 90' lang='lat' dir='ltr'><strong>quum</strong></span> <span class='ocrx_word' id='word_1_203' title='bbox 402 3478 550 3558; x_wconf 88' lang='lat' dir='ltr'><strong>Lesbum,</strong></span> <span class='ocrx_word' id='word_1_204' title='bbox 573 3499 665 3564; x_wconf 93' lang='lat' dir='ltr'><strong>quam</strong></span> <span class='ocrx_word' id='word_1_205' title='bbox 683 3487 851 3564; x_wconf 89' lang='lat' dir='ltr'><strong>postquam</strong></span> <span class='ocrx_word' id='word_1_206' title='bbox 868 3475 986 3542; x_wconf 89' lang='lat' dir='ltr'><strong>defecit</strong></span> <span class='ocrx_word' id='word_1_207' title='bbox 1007 3475 1047 3541; x_wconf 93' lang='lat' dir='ltr'><strong>ab</strong></span> <span class='ocrx_word' id='word_1_208' title='bbox 1064 3475 1160 3542; x_wconf 81' lang='lat' dir='ltr'><strong>Athe-</strong></span> 
     </span>
    </p>
   </div>
   <div class='ocr_carea' id='block_1_9' title="bbox 97 3751 1205 4225">
    <p class='ocr_par' dir='ltr' id='par_1_10' title="bbox 97 3751 1205 4112">
     <span class='ocr_line' id='line_1_30' title="bbox 170 3751 1205 3850; baseline -0.004 -16"><span class='ocrx_word' id='word_1_209' title='bbox 170 3778 230 3848; x_wconf 81' lang='grc'><strong>39)</strong></span> <span class='ocrx_word' id='word_1_210' title='bbox 250 3785 340 3836; x_wconf 74' lang='lat' dir='ltr'><strong>snas.</strong></span> <span class='ocrx_word' id='word_1_211' title='bbox 358 3783 433 3850; x_wconf 85' lang='lat' dir='ltr'><strong>xrv,</strong></span> <span class='ocrx_word' id='word_1_212' title='bbox 451 3780 574 3848; x_wconf 60' lang='lat' dir='ltr'><strong>psat,</strong></span> <span class='ocrx_word' id='word_1_213' title='bbox 624 3751 676 3846; x_wconf 79' lang='lat' dir='ltr'><strong>lo)</strong></span> <span class='ocrx_word' id='word_1_214' title='bbox 694 3779 957 3849; x_wconf 78' lang='lat' dir='ltr'><strong>nerod.v111,130.</strong></span> <span class='ocrx_word' id='word_1_215' title='bbox 1030 3773 1082 3843; x_wconf 83' lang='grc' dir='ltr'><strong>ιι)</strong></span> <span class='ocrx_word' id='word_1_216' title='bbox 1100 3779 1159 3830; x_wconf 75' lang='lat' dir='ltr'><strong>ne·</strong></span> <span class='ocrx_word' id='word_1_217' title='bbox 1203 3751 1205 3760; x_wconf 75' lang='grc'>’</span> 
     </span>
     <span class='ocr_line' id='line_1_31' title="bbox 98 3859 1160 3937; baseline -0.008 -15"><span class='ocrx_word' id='word_1_218' title='bbox 98 3872 160 3922; x_wconf 80' lang='lat' dir='ltr'><strong>roa.</strong></span> <span class='ocrx_word' id='word_1_219' title='bbox 179 3871 256 3937; x_wconf 88' lang='lat' dir='ltr'><strong>vrn,</strong></span> <span class='ocrx_word' id='word_1_220' title='bbox 276 3882 301 3922; x_wconf 75' lang='lat' dir='ltr'><strong>a.</strong></span> <span class='ocrx_word' id='word_1_221' title='bbox 319 3867 382 3920; x_wconf 75' lang='grc' dir='ltr'>ιιι.</span> <span class='ocrx_word' id='word_1_222' title='bbox 401 3866 460 3920; x_wconf 83' lang='lat' dir='ltr'><strong>raa.</strong></span> <span class='ocrx_word' id='word_1_223' title='bbox 478 3893 514 3904; x_wconf 91' lang='lat'><em>-</em></span> <span class='ocrx_word' id='word_1_224' title='bbox 532 3867 581 3936; x_wconf 86' lang='lat' dir='ltr'><strong>rx,</strong></span> <span class='ocrx_word' id='word_1_225' title='bbox 599 3865 644 3920; x_wconf 86' lang='lat' dir='ltr'><strong>eo.</strong></span> <span class='ocrx_word' id='word_1_226' title='bbox 715 3865 768 3934; x_wconf 81' lang='grc' dir='ltr'><strong>ιι)</strong></span> <span class='ocrx_word' id='word_1_227' title='bbox 786 3868 853 3920; x_wconf 83' lang='lat' dir='ltr'><strong>nu.</strong></span> <span class='ocrx_word' id='word_1_228' title='bbox 871 3869 919 3934; x_wconf 86' lang='lat' dir='ltr'><strong>rx,</strong></span> <span class='ocrx_word' id='word_1_229' title='bbox 937 3863 981 3918; x_wconf 82' lang='lat' dir='ltr'><strong>eo.</strong></span> <span class='ocrx_word' id='word_1_230' title='bbox 1053 3859 1106 3929; x_wconf 77' lang='lat' dir='ltr'><strong>aa)</strong></span> <span class='ocrx_word' id='word_1_231' title='bbox 1120 3865 1160 3914; x_wconf 85' lang='lat' dir='ltr'><strong>n.</strong></span> 
     </span>
     <span class='ocr_line' id='line_1_32' title="bbox 97 3947 1158 4024; baseline -0.004 -18"><span class='ocrx_word' id='word_1_232' title='bbox 97 3957 149 4024; x_wconf 81' lang='lat' dir='ltr'><strong>lx,</strong></span> <span class='ocrx_word' id='word_1_233' title='bbox 169 3953 231 4009; x_wconf 83' lang='lat'>103.</span> <span class='ocrx_word' id='word_1_234' title='bbox 249 3979 287 3992; x_wconf 97' lang='lat'><em>-</em></span> <span class='ocrx_word' id='word_1_235' title='bbox 304 3956 341 4006; x_wconf 77' lang='lat' dir='ltr'><strong>cf.</strong></span> <span class='ocrx_word' id='word_1_236' title='bbox 359 3955 491 4020; x_wconf 83' lang='lat' dir='ltr'><strong>Polysen.</strong></span> <span class='ocrx_word' id='word_1_237' title='bbox 510 3958 632 4020; x_wconf 79' lang='lat' dir='ltr'><strong>Strateg.</strong></span> <span class='ocrx_word' id='word_1_238' title='bbox 650 3955 712 4022; x_wconf 87' lang='lat' dir='ltr'><strong>Vll,</strong></span> <span class='ocrx_word' id='word_1_239' title='bbox 725 3952 769 4005; x_wconf 83' lang='grc'><strong>45.</strong></span> <span class='ocrx_word' id='word_1_240' title='bbox 841 3950 892 4020; x_wconf 89' lang='grc'><strong>44)</strong></span> <span class='ocrx_word' id='word_1_241' title='bbox 908 3948 984 4006; x_wconf 79' lang='grc' dir='ltr'>Οὕτω</span> <span class='ocrx_word' id='word_1_242' title='bbox 999 3949 1031 4020; x_wconf 75' lang='grc' dir='ltr'><strong>δὴ</strong></span> <span class='ocrx_word' id='word_1_243' title='bbox 1049 3947 1082 4004; x_wconf 85' lang='grc' dir='ltr'><strong>τὸ</strong></span> <span class='ocrx_word' id='word_1_244' title='bbox 1100 3947 1158 4002; x_wconf 79' lang='grc' dir='ltr'><strong>δεύ-</strong></span> 
     </span>
     <span class='ocr_line' id='line_1_33' title="bbox 97 4034 838 4112; baseline -0.003 -20"><span class='ocrx_word' id='word_1_245' title='bbox 97 4061 177 4112; x_wconf 70' lang='lat' dir='ltr'><strong>repon</strong></span> <span class='ocrx_word' id='word_1_246' title='bbox 194 4034 277 4108; x_wconf 67' lang='grc' dir='ltr'>Ἰωνίη</span> <span class='ocrx_word' id='word_1_247' title='bbox 295 4035 351 4094; x_wconf 67' lang='grc' dir='ltr'><strong>ἀπὸ</strong></span> <span class='ocrx_word' id='word_1_248' title='bbox 368 4040 491 4110; x_wconf 67' lang='grc' dir='ltr'><strong>ΠεραίωνΙ</strong></span> <span class='ocrx_word' id='word_1_249' title='bbox 509 4035 607 4108; x_wconf 63' lang='lat' dir='ltr'><strong>rindorp</strong></span> <span class='ocrx_word' id='word_1_250' title='bbox 625 4042 690 4094; x_wconf 75' lang='lat' dir='ltr'><strong>ller-</strong></span> <span class='ocrx_word' id='word_1_251' title='bbox 709 4041 758 4108; x_wconf 85' lang='lat' dir='ltr'><strong>lx,</strong></span> <span class='ocrx_word' id='word_1_252' title='bbox 777 4037 838 4094; x_wconf 80' lang='grc'><strong>103.</strong></span> 
     </span>
    </p>

    <p class='ocr_par' dir='ltr' id='par_1_11' title="bbox 167 4142 451 4225">
     <span class='ocr_line' id='line_1_34' title="bbox 167 4142 451 4225; baseline -0.004 -29"><span class='ocrx_word' id='word_1_253' title='bbox 167 4145 189 4225; x_wconf 30' lang='grc' dir='ltr'><strong>,ι</strong></span> <span class='ocrx_word' id='word_1_254' title='bbox 199 4145 211 4212; x_wconf 89' lang='grc'>)</span> <span class='ocrx_word' id='word_1_255' title='bbox 230 4148 353 4212; x_wconf 71' lang='lat' dir='ltr'><strong>rnucya.</strong></span> <span class='ocrx_word' id='word_1_256' title='bbox 371 4147 406 4213; x_wconf 87' lang='grc' dir='ltr'><strong>ιι,</strong></span> <span class='ocrx_word' id='word_1_257' title='bbox 424 4142 451 4196; x_wconf 86' lang='lat' dir='ltr'><strong>o.</strong></span> 
     </span>
    </p>
   </div>
   <div class='ocr_carea' id='block_1_10' title="bbox 0 0 1445 4736">
    <p class='ocr_par' dir='ltr' id='par_1_12' title="bbox 0 0 1445 4736">
     <span class='ocr_line' id='line_1_35' title="bbox 0 0 1445 4736; baseline 0 0"><span class='ocrx_word' id='word_1_258' title='bbox 0 0 1445 4736; x_wconf 95' lang='lat' dir='ltr'><strong> </strong></span> 
     </span>
    </p>
   </div>
  </div>
 </body>
</html>
