<?xml version="1.0" encoding="UTF-8"?>
<!DOCTYPE html PUBLIC "-//W3C//DTD XHTML 1.0 Transitional//EN"
    "http://www.w3.org/TR/xhtml1/DTD/xhtml1-transitional.dtd">
<html xmlns="http://www.w3.org/1999/xhtml" xml:lang="en" lang="en">
 <head>
  <title>
</title>
<meta http-equiv="Content-Type" content="text/html;charset=utf-8" />
  <meta name='ocr-system' content='tesseract 3.04.00' />
  <meta name='ocr-capabilities' content='ocr_page ocr_carea ocr_par ocr_line ocrx_word'/>
</head>
<body>
  <div class='ocr_page' id='page_1' title='image "./ephesiaca00guhlgoog_0071.png"; bbox 0 0 2866 4736; ppageno 0'>
   <div class='ocr_carea' id='block_1_1' title="bbox 272 220 321 294">
    <p class='ocr_par' dir='ltr' id='par_1_1' title="bbox 272 220 321 294">
     <span class='ocr_line' id='line_1_1' title="bbox 272 220 321 294; baseline 0 0"><span class='ocrx_word' id='word_1_1' title='bbox 272 220 321 294; x_wconf 82' lang='lat' dir='ltr'><strong>oo</strong></span> 
     </span>
    </p>
   </div>
   <div class='ocr_carea' id='block_1_2' title="bbox 184 371 1333 1418">
    <p class='ocr_par' dir='ltr' id='par_1_2' title="bbox 184 371 1333 1418">
     <span class='ocr_line' id='line_1_2' title="bbox 275 371 1332 488; baseline -0.002 -20"><span class='ocrx_word' id='word_1_2' title='bbox 275 409 464 482; x_wconf 82' lang='lat' dir='ltr'><strong>versus&#39;est,</strong></span> <span class='ocrx_word' id='word_1_3' title='bbox 486 422 565 488; x_wconf 87' lang='lat' dir='ltr'><strong>paco</strong></span> <span class='ocrx_word' id='word_1_4' title='bbox 589 401 750 484; x_wconf 83' lang='lat' dir='ltr'><strong>hucusque</strong></span> <span class='ocrx_word' id='word_1_5' title='bbox 774 417 811 462; x_wconf 84' lang='lat' dir='ltr'><strong>ex</strong></span> <span class='ocrx_word' id='word_1_6' title='bbox 828 371 960 482; x_wconf 70' lang='lat' dir='ltr'><strong>utrallue</strong></span> <span class='ocrx_word' id='word_1_7' title='bbox 982 407 1072 485; x_wconf 85' lang='lat' dir='ltr'><strong>parte</strong></span> <span class='ocrx_word' id='word_1_8' title='bbox 1090 409 1226 466; x_wconf 85' lang='lat' dir='ltr'><strong>servata.</strong></span> <span class='ocrx_word' id='word_1_9' title='bbox 1267 399 1332 466; x_wconf 86' lang='lat' dir='ltr'><strong>Sed</strong></span> 
     </span>
     <span class='ocr_line' id='line_1_3' title="bbox 275 501 1333 595; baseline -0.003 -23"><span class='ocrx_word' id='word_1_10' title='bbox 275 507 381 595; x_wconf 88' lang='lat' dir='ltr'><strong>legati,</strong></span> <span class='ocrx_word' id='word_1_11' title='bbox 404 527 508 591; x_wconf 93' lang='lat' dir='ltr'><strong>quum,</strong></span> <span class='ocrx_word' id='word_1_12' title='bbox 531 504 675 590; x_wconf 79' lang='lat' dir='ltr'><strong>Spartam</strong></span> <span class='ocrx_word' id='word_1_13' title='bbox 691 503 819 579; x_wconf 87' lang='lat' dir='ltr'><strong>reversi,</strong></span> <span class='ocrx_word' id='word_1_14' title='bbox 841 501 978 588; x_wconf 88' lang='lat' dir='ltr'><strong>Ephoris</strong></span> <span class='ocrx_word' id='word_1_15' title='bbox 993 513 1183 581; x_wconf 78' lang='lat' dir='ltr'><strong>narrassent,</strong></span> <span class='ocrx_word' id='word_1_16' title='bbox 1206 502 1333 570; x_wconf 89' lang='lat' dir='ltr'><strong>urbium</strong></span> 
     </span>
     <span class='ocr_line' id='line_1_4' title="bbox 184 601 1332 696; baseline -0.003 -20"><span class='ocrx_word' id='word_1_17' title='bbox 184 619 189 628; x_wconf 80' lang='grc'><em>“</em></span> <span class='ocrx_word' id='word_1_18' title='bbox 276 611 469 677; x_wconf 87' lang='lat' dir='ltr'><strong>Graecarum</strong></span> <span class='ocrx_word' id='word_1_19' title='bbox 491 605 669 672; x_wconf 87' lang='lat' dir='ltr'><strong>libertatem</strong></span> <span class='ocrx_word' id='word_1_20' title='bbox 691 627 710 670; x_wconf 91' lang='lat' dir='ltr'><strong>a</strong></span> <span class='ocrx_word' id='word_1_21' title='bbox 731 601 805 672; x_wconf 89' lang='lat' dir='ltr'><strong>solo</strong></span> <span class='ocrx_word' id='word_1_22' title='bbox 830 605 1044 696; x_wconf 83' lang='lat' dir='ltr'><strong>Tissapherne</strong></span> <span class='ocrx_word' id='word_1_23' title='bbox 1065 607 1225 694; x_wconf 90' lang='lat' dir='ltr'><strong>pendere,</strong></span> <span class='ocrx_word' id='word_1_24' title='bbox 1247 628 1332 672; x_wconf 80' lang='lat' dir='ltr'><strong>euu-</strong></span> 
     </span>
     <span class='ocr_line' id='line_1_5' title="bbox 192 707 1331 800; baseline -0.004 -21"><span class='ocrx_word' id='word_1_25' title='bbox 192 779 197 784; x_wconf 88' lang='grc'><em>,</em></span> <span class='ocrx_word' id='word_1_26' title='bbox 276 735 347 800; x_wconf 86' lang='lat' dir='ltr'><strong>que,</strong></span> <span class='ocrx_word' id='word_1_27' title='bbox 371 709 542 776; x_wconf 91' lang='lat' dir='ltr'><strong>dummodo</strong></span> <span class='ocrx_word' id='word_1_28' title='bbox 572 713 606 774; x_wconf 91' lang='lat' dir='ltr'><strong>in</strong></span> <span class='ocrx_word' id='word_1_29' title='bbox 629 707 724 776; x_wconf 88' lang='lat' dir='ltr'><strong>Caria</strong></span> <span class='ocrx_word' id='word_1_30' title='bbox 752 718 935 798; x_wconf 87' lang='lat' dir='ltr'><strong>urgeretur,</strong></span> <span class='ocrx_word' id='word_1_31' title='bbox 959 707 1032 776; x_wconf 87' lang='lat' dir='ltr'><strong>&#39;sine</strong></span> <span class='ocrx_word' id='word_1_32' title='bbox 1060 709 1160 776; x_wconf 90' lang='lat' dir='ltr'><strong>dubio</strong></span> <span class='ocrx_word' id='word_1_33' title='bbox 1185 709 1331 798; x_wconf 84' lang='lat' dir='ltr'><strong>Graecos</strong></span> 
     </span>
     <span class='ocr_line' id='line_1_6' title="bbox 276 812 1331 898; baseline -0.005 -17"><span class='ocrx_word' id='word_1_34' title='bbox 276 820 309 880; x_wconf 95' lang='lat' dir='ltr'><strong>in</strong></span> <span class='ocrx_word' id='word_1_35' title='bbox 331 813 510 877; x_wconf 88' lang='lat' dir='ltr'><strong>libertatem</strong></span> <span class='ocrx_word' id='word_1_36' title='bbox 531 815 710 896; x_wconf 84' lang='lat' dir='ltr'><strong>restiturum</strong></span> <span class='ocrx_word' id='word_1_37' title='bbox 735 835 819 891; x_wconf 82' lang='lat' dir='ltr'><strong>esse,</strong></span> <span class='ocrx_word' id='word_1_38' title='bbox 841 813 874 878; x_wconf 90' lang='lat' dir='ltr'><strong>hi</strong></span> <span class='ocrx_word' id='word_1_39' title='bbox 896 812 1116 898; x_wconf 83' lang='lat' dir='ltr'><strong>Dercyllidae,</strong></span> <span class='ocrx_word' id='word_1_40' title='bbox 1147 823 1184 878; x_wconf 93' lang='lat' dir='ltr'><strong>ut</strong></span> <span class='ocrx_word' id='word_1_41' title='bbox 1205 815 1241 878; x_wconf 89' lang='lat' dir='ltr'><strong>in</strong></span> <span class='ocrx_word' id='word_1_42' title='bbox 1263 815 1331 898; x_wconf 91' lang='lat' dir='ltr'><strong>ipsa</strong></span> 
     </span>
     <span class='ocr_line' id='line_1_7' title="bbox 277 915 1331 1004; baseline -0.006 -18"><span class='ocrx_word' id='word_1_43' title='bbox 277 917 374 986; x_wconf 90' lang='lat' dir='ltr'><strong>Caria</strong></span> <span class='ocrx_word' id='word_1_44' title='bbox 403 917 646 1003; x_wconf 84' lang='lat' dir='ltr'>Tissaphernem</span> <span class='ocrx_word' id='word_1_45' title='bbox 681 915 875 1004; x_wconf 84' lang='lat' dir='ltr'><strong>aggredetur</strong></span> <span class='ocrx_word' id='word_1_46' title='bbox 908 919 1110 1002; x_wconf 89' lang='lat' dir='ltr'><strong>imperarunt.</strong></span> <span class='ocrx_word' id='word_1_47' title='bbox 1171 917 1209 980; x_wconf 95' lang='lat' dir='ltr'><strong>ln</strong></span> <span class='ocrx_word' id='word_1_48' title='bbox 1239 939 1331 1001; x_wconf 92' lang='lat' dir='ltr'><strong>quam</strong></span> 
     </span>
     <span class='ocr_line' id='line_1_8' title="bbox 249 1018 1332 1112; baseline 0.004 -32"><span class='ocrx_word' id='word_1_49' title='bbox 249 1075 254 1080; x_wconf 85' lang='lat'>.</span> <span class='ocrx_word' id='word_1_50' title='bbox 276 1044 386 1110; x_wconf 90' lang='lat' dir='ltr'><strong>quum,</strong></span> <span class='ocrx_word' id='word_1_51' title='bbox 409 1018 558 1106; x_wconf 86' lang='lat' dir='ltr'><strong>adjuncto</strong></span> <span class='ocrx_word' id='word_1_52' title='bbox 581 1021 736 1100; x_wconf 87' lang='lat' dir='ltr'><strong>Pharace,</strong></span> <span class='ocrx_word' id='word_1_53' title='bbox 756 1023 917 1112; x_wconf 79' lang='lat' dir='ltr'><strong>intrasset,</strong></span> <span class='ocrx_word' id='word_1_54' title='bbox 950 1020 1170 1112; x_wconf 76' lang='lat' dir='ltr'><strong>Tissapherni,</strong></span> <span class='ocrx_word' id='word_1_55' title='bbox 1199 1023 1271 1112; x_wconf 79' lang='lat' dir='ltr'><strong>qui,</strong></span> <span class='ocrx_word' id='word_1_56' title='bbox 1300 1029 1332 1084; x_wconf 88' lang='lat' dir='ltr'><strong>ut</strong></span> 
     </span>
     <span class='ocr_line' id='line_1_9' title="bbox 276 1123 1330 1213; baseline -0.004 -21"><span class='ocrx_word' id='word_1_57' title='bbox 276 1128 393 1213; x_wconf 83' lang='lat' dir='ltr'><strong>junctis</strong></span> <span class='ocrx_word' id='word_1_58' title='bbox 414 1123 533 1188; x_wconf 84' lang='lat' dir='ltr'><strong>viribus</strong></span> <span class='ocrx_word' id='word_1_59' title='bbox 554 1123 675 1188; x_wconf 84' lang='lat' dir='ltr'><strong>Ioniam</strong></span> <span class='ocrx_word' id='word_1_60' title='bbox 704 1124 765 1188; x_wconf 86' lang='lat' dir='ltr'><strong>sibi</strong></span> <span class='ocrx_word' id='word_1_61' title='bbox 793 1123 999 1210; x_wconf 81' lang='lat' dir='ltr'><strong>subjicerent,</strong></span> <span class='ocrx_word' id='word_1_62' title='bbox 1029 1145 1099 1188; x_wconf 87' lang='lat' dir='ltr'><strong>cum</strong></span> <span class='ocrx_word' id='word_1_63' title='bbox 1121 1123 1330 1188; x_wconf 79' lang='lat' dir='ltr'>Pharnabazo</span> 
     </span>
     <span class='ocr_line' id='line_1_10' title="bbox 277 1225 1330 1306; baseline -0.008 -10"><span class='ocrx_word' id='word_1_64' title='bbox 277 1232 462 1296; x_wconf 86' lang='lat' dir='ltr'><strong>societatem</strong></span> <span class='ocrx_word' id='word_1_65' title='bbox 482 1228 611 1306; x_wconf 90' lang='lat' dir='ltr'><strong>inierat,</strong></span> <span class='ocrx_word' id='word_1_66' title='bbox 640 1227 681 1292; x_wconf 91' lang='lat' dir='ltr'><strong>ad</strong></span> <span class='ocrx_word' id='word_1_67' title='bbox 705 1227 913 1293; x_wconf 84' lang='lat' dir='ltr'><strong>Maeandrum</strong></span> <span class='ocrx_word' id='word_1_68' title='bbox 936 1227 1063 1290; x_wconf 87' lang='lat' dir='ltr'><strong>obviam</strong></span> <span class='ocrx_word' id='word_1_69' title='bbox 1085 1225 1186 1292; x_wconf 80' lang='lat' dir='ltr'><strong>factus</strong></span> <span class='ocrx_word' id='word_1_70' title='bbox 1209 1236 1259 1292; x_wconf 86' lang='lat' dir='ltr'><strong>est</strong></span> <span class='ocrx_word' id='word_1_71' title='bbox 1275 1227 1330 1306; x_wconf 80' lang='lat'>⁷³).</span> 
     </span>
     <span class='ocr_line' id='line_1_11' title="bbox 203 1318 1331 1418; baseline -0.004 -19"><span class='ocrx_word' id='word_1_72' title='bbox 203 1361 208 1372; x_wconf 57' lang='lat'><em>2</em></span> <span class='ocrx_word' id='word_1_73' title='bbox 279 1333 519 1418; x_wconf 84' lang='lat' dir='ltr'><strong>Tissaphernes,</strong></span> <span class='ocrx_word' id='word_1_74' title='bbox 540 1329 596 1394; x_wconf 89' lang='lat' dir='ltr'><strong>ubi</strong></span> <span class='ocrx_word' id='word_1_75' title='bbox 611 1328 693 1415; x_wconf 85' lang='lat' dir='ltr'><strong>Cyri</strong></span> <span class='ocrx_word' id='word_1_76' title='bbox 715 1318 938 1410; x_wconf 75' lang='lat' dir='ltr'><strong>mercenarios,</strong></span> <span class='ocrx_word' id='word_1_77' title='bbox 958 1350 1093 1415; x_wconf 87' lang='lat' dir='ltr'><strong>quorum</strong></span> <span class='ocrx_word' id='word_1_78' title='bbox 1108 1332 1255 1396; x_wconf 86' lang='lat' dir='ltr'><strong>virtutem</strong></span> <span class='ocrx_word' id='word_1_79' title='bbox 1270 1332 1331 1415; x_wconf 88' lang='lat' dir='ltr'><strong>jam</strong></span> 
     </span>
    </p>
   </div>
   <div class='ocr_carea' id='block_1_3' title="bbox 278 1432 1427 1524">
    <p class='ocr_par' dir='ltr' id='par_1_3' title="bbox 278 1432 1427 1524">
     <span class='ocr_line' id='line_1_12' title="bbox 278 1432 1427 1524; baseline -0.002 -24"><span class='ocrx_word' id='word_1_80' title='bbox 278 1436 401 1524; x_wconf 87' lang='lat' dir='ltr'><strong>pridem</strong></span> <span class='ocrx_word' id='word_1_81' title='bbox 416 1443 559 1510; x_wconf 89' lang='lat' dir='ltr'><strong>noverat,</strong></span> <span class='ocrx_word' id='word_1_82' title='bbox 581 1433 733 1519; x_wconf 82' lang='lat' dir='ltr'><strong>adspexit,</strong></span> <span class='ocrx_word' id='word_1_83' title='bbox 755 1444 898 1500; x_wconf 85' lang='lat' dir='ltr'><strong>caeteros</strong></span> <span class='ocrx_word' id='word_1_84' title='bbox 913 1433 1057 1500; x_wconf 86' lang='lat' dir='ltr'><strong>Graecos</strong></span> <span class='ocrx_word' id='word_1_85' title='bbox 1073 1432 1214 1518; x_wconf 89' lang='lat' dir='ltr'><strong>ejusdem</strong></span> <span class='ocrx_word' id='word_1_86' title='bbox 1238 1435 1332 1498; x_wconf 89' lang='lat' dir='ltr'><strong>animi</strong></span> <span class='ocrx_word' id='word_1_87' title='bbox 1422 1510 1427 1523; x_wconf 42' lang='grc' dir='ltr'>Ι</span> 
     </span>
    </p>
   </div>
   <div class='ocr_carea' id='block_1_4' title="bbox 187 1535 1334 3484">
    <p class='ocr_par' dir='ltr' id='par_1_4' title="bbox 204 1535 1333 2553">
     <span class='ocr_line' id='line_1_13' title="bbox 279 1535 1331 1630; baseline -0.005 -25"><span class='ocrx_word' id='word_1_88' title='bbox 279 1561 349 1630; x_wconf 84' lang='lat' dir='ltr'><strong>esse</strong></span> <span class='ocrx_word' id='word_1_89' title='bbox 372 1548 467 1614; x_wconf 89' lang='lat' dir='ltr'><strong>ratus,</strong></span> <span class='ocrx_word' id='word_1_90' title='bbox 489 1535 644 1622; x_wconf 87' lang='lat' dir='ltr'><strong>proelium</strong></span> <span class='ocrx_word' id='word_1_91' title='bbox 668 1539 811 1626; x_wconf 79' lang='lat' dir='ltr'><strong>effugere</strong></span> <span class='ocrx_word' id='word_1_92' title='bbox 834 1537 943 1604; x_wconf 90' lang='lat' dir='ltr'><strong>maluit</strong></span> <span class='ocrx_word' id='word_1_93' title='bbox 965 1546 998 1602; x_wconf 89' lang='lat' dir='ltr'><strong>et</strong></span> <span class='ocrx_word' id='word_1_94' title='bbox 1018 1535 1242 1620; x_wconf 84' lang='lat' dir='ltr'><strong>Dercyllidae,</strong></span> <span class='ocrx_word' id='word_1_95' title='bbox 1271 1539 1331 1621; x_wconf 90' lang='lat' dir='ltr'><strong>qui,</strong></span> 
     </span>
     <span class='ocr_line' id='line_1_14' title="bbox 278 1638 1331 1717; baseline -0.004 -9"><span class='ocrx_word' id='word_1_96' title='bbox 278 1665 353 1708; x_wconf 92' lang='lat' dir='ltr'><strong>num</strong></span> <span class='ocrx_word' id='word_1_97' title='bbox 384 1640 502 1707; x_wconf 89' lang='lat' dir='ltr'><strong>liberas</strong></span> <span class='ocrx_word' id='word_1_98' title='bbox 525 1641 721 1712; x_wconf 87' lang='lat' dir='ltr'><strong>Graecorum</strong></span> <span class='ocrx_word' id='word_1_99' title='bbox 752 1645 894 1708; x_wconf 86' lang='lat' dir='ltr'><strong>civitates</strong></span> <span class='ocrx_word' id='word_1_100' title='bbox 922 1639 1058 1708; x_wconf 87' lang='lat' dir='ltr'><strong>reddere</strong></span> <span class='ocrx_word' id='word_1_101' title='bbox 1086 1638 1199 1717; x_wconf 89' lang='lat' dir='ltr'><strong>vellet,</strong></span> <span class='ocrx_word' id='word_1_102' title='bbox 1230 1661 1269 1704; x_wconf 85' lang='lat' dir='ltr'><strong>ex</strong></span> <span class='ocrx_word' id='word_1_103' title='bbox 1293 1659 1331 1704; x_wconf 90' lang='lat' dir='ltr'><strong>eo</strong></span> 
     </span>
     <span class='ocr_line' id='line_1_15' title="bbox 279 1741 1333 1832; baseline -0.006 -21"><span class='ocrx_word' id='word_1_104' title='bbox 279 1747 485 1832; x_wconf 87' lang='lat' dir='ltr'><strong>quaesiverat,</strong></span> <span class='ocrx_word' id='word_1_105' title='bbox 507 1741 541 1808; x_wconf 93' lang='lat' dir='ltr'><strong>id</strong></span> <span class='ocrx_word' id='word_1_106' title='bbox 563 1765 598 1808; x_wconf 88' lang='lat' dir='ltr'><strong>se</strong></span> <span class='ocrx_word' id='word_1_107' title='bbox 620 1743 774 1810; x_wconf 82' lang='lat' dir='ltr'><strong>iacturum</strong></span> <span class='ocrx_word' id='word_1_108' title='bbox 798 1747 957 1830; x_wconf 85' lang='lat' dir='ltr'><strong>promisit,</strong></span> <span class='ocrx_word' id='word_1_109' title='bbox 988 1742 1160 1810; x_wconf 89' lang='lat' dir='ltr'><strong>dummodo</strong></span> <span class='ocrx_word' id='word_1_110' title='bbox 1184 1742 1333 1828; x_wconf 84' lang='lat' dir='ltr'><strong>Spartani</strong></span> 
     </span>
     <span class='ocr_line' id='line_1_16' title="bbox 279 1845 1331 1936; baseline 0 -24"><span class='ocrx_word' id='word_1_111' title='bbox 279 1846 437 1936; x_wconf 86' lang='lat' dir='ltr'><strong>praesidia</strong></span> <span class='ocrx_word' id='word_1_112' title='bbox 461 1855 493 1910; x_wconf 90' lang='lat' dir='ltr'><strong>et</strong></span> <span class='ocrx_word' id='word_1_113' title='bbox 514 1846 688 1912; x_wconf 86' lang='lat' dir='ltr'><strong>harmostas</strong></span> <span class='ocrx_word' id='word_1_114' title='bbox 705 1869 742 1912; x_wconf 85' lang='lat' dir='ltr'><strong>er</strong></span> <span class='ocrx_word' id='word_1_115' title='bbox 761 1847 892 1918; x_wconf 87' lang='lat' dir='ltr'><strong>urbibus</strong></span> <span class='ocrx_word' id='word_1_116' title='bbox 908 1846 1027 1912; x_wconf 88' lang='lat' dir='ltr'><strong>vellent</strong></span> <span class='ocrx_word' id='word_1_117' title='bbox 1041 1845 1208 1914; x_wconf 83' lang='lat' dir='ltr'><strong>deducere.</strong></span> <span class='ocrx_word' id='word_1_118' title='bbox 1249 1848 1331 1912; x_wconf 88' lang='lat' dir='ltr'><strong>Dum</strong></span> 
     </span>
     <span class='ocr_line' id='line_1_17' title="bbox 279 1946 1331 2040; baseline -0.003 -23"><span class='ocrx_word' id='word_1_119' title='bbox 279 1954 375 2040; x_wconf 87' lang='lat' dir='ltr'><strong>igitur</strong></span> <span class='ocrx_word' id='word_1_120' title='bbox 397 1947 438 2012; x_wconf 90' lang='lat' dir='ltr'><strong>de</strong></span> <span class='ocrx_word' id='word_1_121' title='bbox 461 1946 594 2012; x_wconf 81' lang='lat' dir='ltr'><strong>loedere</strong></span> <span class='ocrx_word' id='word_1_122' title='bbox 620 1949 793 2016; x_wconf 86' lang='lat' dir='ltr'><strong>sanciendo</strong></span> <span class='ocrx_word' id='word_1_123' title='bbox 823 1948 951 2016; x_wconf 89' lang='lat' dir='ltr'><strong>domum</strong></span> <span class='ocrx_word' id='word_1_124' title='bbox 980 1959 1113 2034; x_wconf 91' lang='lat' dir='ltr'><strong>uterque</strong></span> <span class='ocrx_word' id='word_1_125' title='bbox 1135 1951 1244 2027; x_wconf 88' lang='lat' dir='ltr'><strong>mittit,</strong></span> <span class='ocrx_word' id='word_1_126' title='bbox 1272 1971 1331 2034; x_wconf 84' lang='lat' dir='ltr'><strong>pax</strong></span> 
     </span>
     <span class='ocr_line' id='line_1_18' title="bbox 225 2052 1330 2140; baseline -0.003 -19"><span class='ocrx_word' id='word_1_127' title='bbox 225 2121 235 2136; x_wconf 58' lang='lat'><strong>,</strong></span> <span class='ocrx_word' id='word_1_128' title='bbox 278 2060 391 2121; x_wconf 92' lang='lat' dir='ltr'><strong>iterum</strong></span> <span class='ocrx_word' id='word_1_129' title='bbox 416 2060 448 2116; x_wconf 90' lang='lat' dir='ltr'><strong>et</strong></span> <span class='ocrx_word' id='word_1_130' title='bbox 470 2052 558 2136; x_wconf 89' lang='lat' dir='ltr'><strong>quies</strong></span> <span class='ocrx_word' id='word_1_131' title='bbox 582 2061 672 2116; x_wconf 88' lang='lat' dir='ltr'><strong>erant</strong></span> <span class='ocrx_word' id='word_1_132' title='bbox 688 2055 745 2134; x_wconf 83' lang='lat'><strong>⁷⁴).</strong></span> <span class='ocrx_word' id='word_1_133' title='bbox 792 2052 960 2140; x_wconf 83' lang='lat' dir='ltr'><strong>Agesilaus</strong></span> <span class='ocrx_word' id='word_1_134' title='bbox 983 2075 1077 2132; x_wconf 88' lang='lat' dir='ltr'><strong>vero,</strong></span> <span class='ocrx_word' id='word_1_135' title='bbox 1103 2053 1330 2138; x_wconf 88' lang='lat' dir='ltr'><strong>Spartanorum</strong></span> 
     </span>
     <span class='ocr_line' id='line_1_19' title="bbox 204 2155 1331 2242; baseline -0.006 -15"><span class='ocrx_word' id='word_1_136' title='bbox 204 2224 210 2238; x_wconf 77' lang='grc'>,</span> <span class='ocrx_word' id='word_1_137' title='bbox 279 2181 349 2236; x_wconf 87' lang='lat' dir='ltr'><strong>rex,</strong></span> <span class='ocrx_word' id='word_1_138' title='bbox 377 2177 473 2242; x_wconf 91' lang='lat' dir='ltr'><strong>quum</strong></span> <span class='ocrx_word' id='word_1_139' title='bbox 501 2157 658 2222; x_wconf 85' lang='lat' dir='ltr'><strong>Persicam</strong></span> <span class='ocrx_word' id='word_1_140' title='bbox 694 2155 825 2222; x_wconf 87' lang='lat' dir='ltr'><strong>classem</strong></span> <span class='ocrx_word' id='word_1_141' title='bbox 855 2165 966 2222; x_wconf 89' lang='lat' dir='ltr'><strong>contra</strong></span> <span class='ocrx_word' id='word_1_142' title='bbox 996 2155 1163 2220; x_wconf 82' lang='lat' dir='ltr'><strong>Graeciam</strong></span> <span class='ocrx_word' id='word_1_143' title='bbox 1191 2167 1331 2242; x_wconf 86' lang='lat' dir='ltr'><strong>paratam</strong></span> 
     </span>
     <span class='ocr_line' id='line_1_20' title="bbox 213 2243 1331 2348; baseline -0.005 -18"><span class='ocrx_word' id='word_1_144' title='bbox 213 2243 216 2259; x_wconf 43' lang='grc' dir='ltr'>Ι</span> <span class='ocrx_word' id='word_1_145' title='bbox 279 2285 349 2331; x_wconf 88' lang='lat' dir='ltr'><strong>esse</strong></span> <span class='ocrx_word' id='word_1_146' title='bbox 372 2283 409 2326; x_wconf 91' lang='lat' dir='ltr'><strong>ac</strong></span> <span class='ocrx_word' id='word_1_147' title='bbox 432 2261 607 2347; x_wconf 86' lang='lat' dir='ltr'><strong>prolectam</strong></span> <span class='ocrx_word' id='word_1_148' title='bbox 625 2263 673 2342; x_wconf 78' lang='lat'><strong>⁷⁵)</strong></span> <span class='ocrx_word' id='word_1_149' title='bbox 695 2259 855 2340; x_wconf 89' lang='lat' dir='ltr'><strong>audiisset,</strong></span> <span class='ocrx_word' id='word_1_150' title='bbox 875 2279 1078 2348; x_wconf 86' lang='lat' dir='ltr'><strong>magnacum</strong></span> <span class='ocrx_word' id='word_1_151' title='bbox 1101 2257 1211 2337; x_wconf 89' lang='lat' dir='ltr'><strong>classe,</strong></span> <span class='ocrx_word' id='word_1_152' title='bbox 1233 2270 1271 2324; x_wconf 92' lang='lat' dir='ltr'><strong>ut</strong></span> <span class='ocrx_word' id='word_1_153' title='bbox 1284 2281 1331 2326; x_wconf 90' lang='lat' dir='ltr'><strong>ur·</strong></span> 
     </span>
     <span class='ocr_line' id='line_1_21' title="bbox 279 2363 1330 2448; baseline -0.008 -14"><span class='ocrx_word' id='word_1_154' title='bbox 279 2369 337 2434; x_wconf 92' lang='lat' dir='ltr'><strong>bes</strong></span> <span class='ocrx_word' id='word_1_155' title='bbox 361 2367 502 2432; x_wconf 88' lang='lat' dir='ltr'><strong>Graecas</strong></span> <span class='ocrx_word' id='word_1_156' title='bbox 531 2363 682 2430; x_wconf 89' lang='lat' dir='ltr'><strong>liberaret</strong></span> <span class='ocrx_word' id='word_1_157' title='bbox 697 2365 744 2444; x_wconf 80' lang='lat'><strong>⁷⁶)</strong></span> <span class='ocrx_word' id='word_1_158' title='bbox 774 2364 935 2448; x_wconf 84' lang='lat' dir='ltr'><strong>Ephesum</strong></span> <span class='ocrx_word' id='word_1_159' title='bbox 962 2365 1125 2448; x_wconf 87' lang='lat' dir='ltr'><strong>transjecit</strong></span> <span class='ocrx_word' id='word_1_160' title='bbox 1140 2363 1188 2443; x_wconf 84' lang='lat'><strong>⁷⁷)</strong></span> <span class='ocrx_word' id='word_1_161' title='bbox 1215 2366 1330 2444; x_wconf 86' lang='lat'>(396).</span> 
     </span>
     <span class='ocr_line' id='line_1_22' title="bbox 280 2465 1332 2553; baseline -0.003 -18"><span class='ocrx_word' id='word_1_162' title='bbox 280 2471 364 2538; x_wconf 90' lang='lat' dir='ltr'><strong>Cum</strong></span> <span class='ocrx_word' id='word_1_163' title='bbox 385 2469 449 2531; x_wconf 89' lang='lat' dir='ltr'><strong>hoc</strong></span> <span class='ocrx_word' id='word_1_164' title='bbox 469 2469 565 2553; x_wconf 85' lang='lat' dir='ltr'><strong>igitur</strong></span> <span class='ocrx_word' id='word_1_165' title='bbox 588 2469 721 2552; x_wconf 88' lang='lat' dir='ltr'><strong>Ephesi,</strong></span> <span class='ocrx_word' id='word_1_166' title='bbox 744 2478 780 2532; x_wconf 92' lang='lat' dir='ltr'><strong>ut</strong></span> <span class='ocrx_word' id='word_1_167' title='bbox 801 2466 942 2545; x_wconf 87' lang='lat' dir='ltr'><strong>videtur,</strong></span> <span class='ocrx_word' id='word_1_168' title='bbox 965 2466 1195 2552; x_wconf 88' lang='lat' dir='ltr'><strong>Tissaphernes</strong></span> <span class='ocrx_word' id='word_1_169' title='bbox 1218 2465 1332 2532; x_wconf 80' lang='lat' dir='ltr'><strong>foedus</strong></span> 
     </span>
    </p>

    <p class='ocr_par' dir='ltr' id='par_1_5' title="bbox 187 2567 1334 3484">
     <span class='ocr_line' id='line_1_23' title="bbox 280 2567 1332 2655; baseline -0.003 -18"><span class='ocrx_word' id='word_1_170' title='bbox 280 2575 366 2649; x_wconf 92' lang='lat' dir='ltr'><strong>iniit,</strong></span> <span class='ocrx_word' id='word_1_171' title='bbox 395 2589 459 2654; x_wconf 91' lang='lat' dir='ltr'><strong>quo</strong></span> <span class='ocrx_word' id='word_1_172' title='bbox 482 2571 564 2630; x_wconf 90' lang='lat' dir='ltr'><strong>intra</strong></span> <span class='ocrx_word' id='word_1_173' title='bbox 586 2579 650 2634; x_wconf 93' lang='lat' dir='ltr'><strong>tres</strong></span> <span class='ocrx_word' id='word_1_174' title='bbox 672 2591 797 2634; x_wconf 87' lang='lat' dir='ltr'><strong>menses</strong></span> <span class='ocrx_word' id='word_1_175' title='bbox 820 2569 916 2634; x_wconf 89' lang='lat' dir='ltr'><strong>urbes</strong></span> <span class='ocrx_word' id='word_1_176' title='bbox 944 2567 1062 2634; x_wconf 90' lang='lat' dir='ltr'><strong>liberas</strong></span> <span class='ocrx_word' id='word_1_177' title='bbox 1088 2569 1158 2634; x_wconf 85' lang='lat' dir='ltr'><strong>fore</strong></span> <span class='ocrx_word' id='word_1_178' title='bbox 1180 2574 1332 2655; x_wconf 83' lang='lat' dir='ltr'><strong>promisit,</strong></span> 
     </span>
     <span class='ocr_line' id='line_1_24' title="bbox 187 2658 1332 2758; baseline 0 -18"><span class='ocrx_word' id='word_1_179' title='bbox 187 2658 191 2665; x_wconf 52' lang='grc'><strong><em>’</em></strong></span> <span class='ocrx_word' id='word_1_180' title='bbox 280 2675 383 2740; x_wconf 90' lang='lat' dir='ltr'><strong>missis</strong></span> <span class='ocrx_word' id='word_1_181' title='bbox 404 2668 496 2736; x_wconf 90' lang='lat' dir='ltr'><strong>simul</strong></span> <span class='ocrx_word' id='word_1_182' title='bbox 519 2668 560 2734; x_wconf 90' lang='lat' dir='ltr'><strong>ad</strong></span> <span class='ocrx_word' id='word_1_183' title='bbox 574 2671 695 2758; x_wconf 81' lang='lat' dir='ltr'><strong>Regem</strong></span> <span class='ocrx_word' id='word_1_184' title='bbox 713 2670 836 2758; x_wconf 89' lang='lat' dir='ltr'><strong>legatis,</strong></span> <span class='ocrx_word' id='word_1_185' title='bbox 859 2692 940 2757; x_wconf 92' lang='lat' dir='ltr'><strong>quos</strong></span> <span class='ocrx_word' id='word_1_186' title='bbox 954 2681 1118 2756; x_wconf 82' lang='lat' dir='ltr'><strong>praetextu</strong></span> <span class='ocrx_word' id='word_1_187' title='bbox 1141 2672 1271 2758; x_wconf 87' lang='lat' dir='ltr'><strong>quidem</strong></span> <span class='ocrx_word' id='word_1_188' title='bbox 1293 2674 1332 2740; x_wconf 92' lang='lat' dir='ltr'><strong>de</strong></span> 
     </span>
     <span class='ocr_line' id='line_1_25' title="bbox 280 2773 1333 2861; baseline 0 -19"><span class='ocrx_word' id='word_1_189' title='bbox 280 2776 412 2844; x_wconf 87' lang='lat' dir='ltr'><strong>foedere</strong></span> <span class='ocrx_word' id='word_1_190' title='bbox 434 2773 607 2838; x_wconf 91' lang='lat' dir='ltr'><strong>sanciendo</strong></span> <span class='ocrx_word' id='word_1_191' title='bbox 631 2796 783 2860; x_wconf 88' lang='lat' dir='ltr'><strong>quaerere</strong></span> <span class='ocrx_word' id='word_1_192' title='bbox 811 2778 916 2861; x_wconf 89' lang='lat' dir='ltr'><strong>jussit,</strong></span> <span class='ocrx_word' id='word_1_193' title='bbox 944 2797 1054 2840; x_wconf 89' lang='lat' dir='ltr'><strong>revera</strong></span> <span class='ocrx_word' id='word_1_194' title='bbox 1083 2785 1187 2840; x_wconf 91' lang='lat' dir='ltr'><strong>autem</strong></span> <span class='ocrx_word' id='word_1_195' title='bbox 1217 2781 1333 2842; x_wconf 85' lang='lat' dir='ltr'><strong>exerci-</strong></span> 
     </span>
     <span class='ocr_line' id='line_1_26' title="bbox 281 2877 1333 2960; baseline -0.002 -14"><span class='ocrx_word' id='word_1_196' title='bbox 281 2890 348 2946; x_wconf 90' lang='lat' dir='ltr'><strong>tum</strong></span> <span class='ocrx_word' id='word_1_197' title='bbox 378 2897 552 2954; x_wconf 85' lang='lat' dir='ltr'><strong>arcessere,</strong></span> <span class='ocrx_word' id='word_1_198' title='bbox 589 2898 669 2960; x_wconf 90' lang='lat' dir='ltr'><strong>quo,</strong></span> <span class='ocrx_word' id='word_1_199' title='bbox 704 2879 805 2942; x_wconf 85' lang='lat' dir='ltr'><strong>fracto</strong></span> <span class='ocrx_word' id='word_1_200' title='bbox 841 2877 973 2944; x_wconf 86' lang='lat' dir='ltr'><strong>loedere</strong></span> <span class='ocrx_word' id='word_1_201' title='bbox 1010 2879 1152 2944; x_wconf 83' lang='lat' dir='ltr'><strong>Graecos</strong></span> <span class='ocrx_word' id='word_1_202' title='bbox 1186 2881 1333 2948; x_wconf 87' lang='lat' dir='ltr'><strong>incautos</strong></span> 
     </span>
     <span class='ocr_line' id='line_1_27' title="bbox 281 2980 1333 3070; baseline -0.002 -20"><span class='ocrx_word' id='word_1_203' title='bbox 281 2983 369 3050; x_wconf 89' lang='lat' dir='ltr'><strong>adire</strong></span> <span class='ocrx_word' id='word_1_204' title='bbox 391 2987 511 3068; x_wconf 83' lang='lat' dir='ltr'><strong>posset.</strong></span> <span class='ocrx_word' id='word_1_205' title='bbox 558 2980 725 3068; x_wconf 81' lang='lat' dir='ltr'><strong>Agesilaus</strong></span> <span class='ocrx_word' id='word_1_206' title='bbox 749 2990 861 3060; x_wconf 89' lang='lat' dir='ltr'><strong>autem,</strong></span> <span class='ocrx_word' id='word_1_207' title='bbox 888 2980 964 3046; x_wconf 92' lang='lat' dir='ltr'><strong>licet</strong></span> <span class='ocrx_word' id='word_1_208' title='bbox 986 3003 1021 3046; x_wconf 93' lang='lat' dir='ltr'><strong>re</strong></span> <span class='ocrx_word' id='word_1_209' title='bbox 1044 2991 1215 3068; x_wconf 89' lang='lat' dir='ltr'><strong>comperta,</strong></span> <span class='ocrx_word' id='word_1_210' title='bbox 1238 3005 1333 3070; x_wconf 92' lang='lat' dir='ltr'><strong>quum</strong></span> 
     </span>
     <span class='ocr_line' id='line_1_28' title="bbox 280 3083 1334 3172; baseline -0.002 -20"><span class='ocrx_word' id='word_1_211' title='bbox 280 3088 404 3152; x_wconf 88' lang='lat' dir='ltr'><strong>hostem</strong></span> <span class='ocrx_word' id='word_1_212' title='bbox 426 3085 545 3170; x_wconf 88' lang='lat' dir='ltr'><strong>primus</strong></span> <span class='ocrx_word' id='word_1_213' title='bbox 568 3083 701 3172; x_wconf 91' lang='lat' dir='ltr'><strong>aggredi</strong></span> <span class='ocrx_word' id='word_1_214' title='bbox 729 3083 845 3163; x_wconf 88' lang='lat' dir='ltr'><strong>nollet&#39;,</strong></span> <span class='ocrx_word' id='word_1_215' title='bbox 875 3087 980 3171; x_wconf 91' lang='lat' dir='ltr'><strong>quiete</strong></span> <span class='ocrx_word' id='word_1_216' title='bbox 1003 3086 1123 3170; x_wconf 85' lang='lat' dir='ltr'><strong>Ephesi</strong></span> <span class='ocrx_word' id='word_1_217' title='bbox 1144 3090 1261 3150; x_wconf 90' lang='lat' dir='ltr'><strong>mansit</strong></span> <span class='ocrx_word' id='word_1_218' title='bbox 1277 3088 1334 3168; x_wconf 79' lang='lat'><strong>⁷⁸),</strong></span> 
     </span>
     <span class='ocr_line' id='line_1_29' title="bbox 279 3186 1333 3277; baseline -0.002 -22"><span class='ocrx_word' id='word_1_219' title='bbox 279 3188 422 3277; x_wconf 89' lang='lat' dir='ltr'><strong>parando</strong></span> <span class='ocrx_word' id='word_1_220' title='bbox 451 3196 557 3251; x_wconf 91' lang='lat' dir='ltr'><strong>tamen</strong></span> <span class='ocrx_word' id='word_1_221' title='bbox 586 3186 675 3266; x_wconf 82' lang='lat' dir='ltr'><strong>bello</strong></span> <span class='ocrx_word' id='word_1_222' title='bbox 702 3187 797 3252; x_wconf 92' lang='lat' dir='ltr'><strong>valde</strong></span> <span class='ocrx_word' id='word_1_223' title='bbox 824 3191 974 3253; x_wconf 90' lang='lat' dir='ltr'><strong>intentus.</strong></span> <span class='ocrx_word' id='word_1_224' title='bbox 1035 3188 1142 3272; x_wconf 84' lang='lat' dir='ltr'><strong>Quum</strong></span> <span class='ocrx_word' id='word_1_225' title='bbox 1165 3192 1248 3252; x_wconf 90' lang='lat' dir='ltr'><strong>enim</strong></span> <span class='ocrx_word' id='word_1_226' title='bbox 1272 3212 1333 3253; x_wconf 88' lang='lat' dir='ltr'><strong>ma-</strong></span> 
     </span>
     <span class='ocr_line' id='line_1_30' title="bbox 279 3285 1332 3382; baseline -0.001 -25"><span class='ocrx_word' id='word_1_227' title='bbox 279 3315 377 3382; x_wconf 90' lang='lat' dir='ltr'><strong>gnum</strong></span> <span class='ocrx_word' id='word_1_228' title='bbox 401 3299 513 3356; x_wconf 89' lang='lat' dir='ltr'><strong>eontra</strong></span> <span class='ocrx_word' id='word_1_229' title='bbox 534 3291 647 3354; x_wconf 89' lang='lat' dir='ltr'><strong>Persas</strong></span> <span class='ocrx_word' id='word_1_230' title='bbox 669 3289 788 3356; x_wconf 91' lang='lat' dir='ltr'><strong>bellum</strong></span> <span class='ocrx_word' id='word_1_231' title='bbox 811 3290 984 3370; x_wconf 87' lang='lat' dir='ltr'><strong>moliretur,</strong></span> <span class='ocrx_word' id='word_1_232' title='bbox 1009 3295 1116 3376; x_wconf 91' lang='lat' dir='ltr'><strong>copias</strong></span> <span class='ocrx_word' id='word_1_233' title='bbox 1139 3285 1205 3357; x_wconf 88' lang='lat' dir='ltr'><strong>non</strong></span> <span class='ocrx_word' id='word_1_234' title='bbox 1228 3291 1332 3358; x_wconf 92' lang='lat' dir='ltr'><strong>solum</strong></span> 
     </span>
     <span class='ocr_line' id='line_1_31' title="bbox 223 3390 1333 3484; baseline -0.002 -22"><span class='ocrx_word' id='word_1_235' title='bbox 223 3431 228 3438; x_wconf 93' lang='lat'><em>·</em></span> <span class='ocrx_word' id='word_1_236' title='bbox 282 3419 319 3462; x_wconf 83' lang='lat' dir='ltr'><strong>ex</strong></span> <span class='ocrx_word' id='word_1_237' title='bbox 347 3397 439 3460; x_wconf 91' lang='lat' dir='ltr'><strong>Ionia</strong></span> <span class='ocrx_word' id='word_1_238' title='bbox 468 3390 526 3456; x_wconf 92' lang='lat' dir='ltr'><strong>sed</strong></span> <span class='ocrx_word' id='word_1_239' title='bbox 556 3414 593 3456; x_wconf 87' lang='lat' dir='ltr'><strong>er</strong></span> <span class='ocrx_word' id='word_1_240' title='bbox 623 3393 759 3459; x_wconf 85' lang='lat' dir='ltr'><strong>Aeolide</strong></span> <span class='ocrx_word' id='word_1_241' title='bbox 788 3415 915 3482; x_wconf 88' lang='lat' dir='ltr'><strong>quoque</strong></span> <span class='ocrx_word' id='word_1_242' title='bbox 950 3404 982 3458; x_wconf 92' lang='lat' dir='ltr'><strong>et</strong></span> <span class='ocrx_word' id='word_1_243' title='bbox 1007 3394 1222 3484; x_wconf 89' lang='lat' dir='ltr'><strong>Hellesponto</strong></span> <span class='ocrx_word' id='word_1_244' title='bbox 1258 3417 1333 3460; x_wconf 89' lang='lat' dir='ltr'><strong>con-</strong></span> 
     </span>
    </p>
   </div>
   <div class='ocr_carea' id='block_1_5' title="bbox 280 3567 480 3580">
    <p class='ocr_par' dir='ltr' id='par_1_6' title="bbox 280 3567 480 3580">
     <span class='ocr_line' id='line_1_32' title="bbox 280 3567 480 3580; baseline -0.02 0"><span class='ocrx_word' id='word_1_245' title='bbox 280 3567 480 3580; x_wconf 80' lang='lat'><em>-·-—--—-</em></span> 
     </span>
    </p>
   </div>
   <div class='ocr_carea' id='block_1_6' title="bbox 175 3670 1331 4008">
    <p class='ocr_par' dir='ltr' id='par_1_7' title="bbox 175 3670 1331 4008">
     <span class='ocr_line' id='line_1_33' title="bbox 353 3670 1331 3748; baseline 0.008 -22"><span class='ocrx_word' id='word_1_246' title='bbox 353 3670 404 3740; x_wconf 85' lang='lat'><strong>73)</strong></span> <span class='ocrx_word' id='word_1_247' title='bbox 422 3674 491 3726; x_wconf 77' lang='lat' dir='ltr'><strong>Xon.</strong></span> <span class='ocrx_word' id='word_1_248' title='bbox 509 3676 558 3745; x_wconf 87' lang='lat'><strong>111,</strong></span> <span class='ocrx_word' id='word_1_249' title='bbox 576 3676 604 3744; x_wconf 75' lang='lat'><strong>2,</strong></span> <span class='ocrx_word' id='word_1_250' title='bbox 624 3675 749 3732; x_wconf 83' lang='lat'><strong>10-17.</strong></span> <span class='ocrx_word' id='word_1_251' title='bbox 822 3673 873 3744; x_wconf 79' lang='grc'><strong>74)</strong></span> <span class='ocrx_word' id='word_1_252' title='bbox 891 3679 957 3730; x_wconf 85' lang='lat' dir='ltr'><strong>Ihid.</strong></span> <span class='ocrx_word' id='word_1_253' title='bbox 970 3681 1019 3748; x_wconf 84' lang='lat'><strong>111,</strong></span> <span class='ocrx_word' id='word_1_254' title='bbox 1038 3678 1065 3747; x_wconf 74' lang='lat'><strong>2,</strong></span> <span class='ocrx_word' id='word_1_255' title='bbox 1080 3675 1203 3732; x_wconf 81' lang='lat'>18-20.</span> <span class='ocrx_word' id='word_1_256' title='bbox 1279 3677 1331 3748; x_wconf 86' lang='grc'><strong>75)</strong></span> 
     </span>
     <span class='ocr_line' id='line_1_34' title="bbox 247 3759 1331 3837; baseline 0.003 -24"><span class='ocrx_word' id='word_1_257' title='bbox 247 3817 250 3823; x_wconf 68' lang='grc'><em>,</em></span> <span class='ocrx_word' id='word_1_258' title='bbox 280 3763 352 3814; x_wconf 81' lang='lat' dir='ltr'><strong>Plut.</strong></span> <span class='ocrx_word' id='word_1_259' title='bbox 379 3759 525 3826; x_wconf 81' lang='lat' dir='ltr'><strong>Agesilaus</strong></span> <span class='ocrx_word' id='word_1_260' title='bbox 552 3775 577 3814; x_wconf 84' lang='lat' dir='ltr'><strong>o.</strong></span> <span class='ocrx_word' id='word_1_261' title='bbox 599 3759 625 3814; x_wconf 88' lang='grc'><strong>6.</strong></span> <span class='ocrx_word' id='word_1_262' title='bbox 647 3763 683 3814; x_wconf 86' lang='lat' dir='ltr'><strong>tn.</strong></span> <span class='ocrx_word' id='word_1_263' title='bbox 774 3761 823 3828; x_wconf 86' lang='grc'><strong>76)</strong></span> <span class='ocrx_word' id='word_1_264' title='bbox 843 3767 976 3830; x_wconf 81' lang='lat' dir='ltr'><strong>Polyaen.</strong></span> <span class='ocrx_word' id='word_1_265' title='bbox 1000 3770 1121 3832; x_wconf 63' lang='lat' dir='ltr'><strong>suetos.</strong></span> <span class='ocrx_word' id='word_1_266' title='bbox 1145 3768 1185 3834; x_wconf 87' lang='lat'><strong>11,</strong></span> <span class='ocrx_word' id='word_1_267' title='bbox 1210 3765 1259 3837; x_wconf 83' lang='lat'><strong>18,</strong></span> <span class='ocrx_word' id='word_1_268' title='bbox 1284 3765 1331 3819; x_wconf 74' lang='lat' dir='ltr'><strong>oe.</strong></span> 
     </span>
     <span class='ocr_line' id='line_1_35' title="bbox 282 3843 1331 3921; baseline 0.004 -21"><span class='ocrx_word' id='word_1_269' title='bbox 282 3843 333 3912; x_wconf 80' lang='grc'><strong>77)</strong></span> <span class='ocrx_word' id='word_1_270' title='bbox 352 3849 422 3900; x_wconf 76' lang='lat' dir='ltr'><strong>Xon.</strong></span> <span class='ocrx_word' id='word_1_271' title='bbox 439 3849 489 3914; x_wconf 87' lang='lat' dir='ltr'><strong>lll,</strong></span> <span class='ocrx_word' id='word_1_272' title='bbox 507 3844 534 3915; x_wconf 80' lang='grc'><strong>4,</strong></span> <span class='ocrx_word' id='word_1_273' title='bbox 553 3845 579 3900; x_wconf 75' lang='lat' dir='ltr'><strong>d.</strong></span> <span class='ocrx_word' id='word_1_274' title='bbox 597 3846 622 3899; x_wconf 79' lang='lat'><strong>5.</strong></span> <span class='ocrx_word' id='word_1_275' title='bbox 707 3845 758 3918; x_wconf 83' lang='grc'><strong>78)</strong></span> <span class='ocrx_word' id='word_1_276' title='bbox 776 3851 841 3902; x_wconf 78' lang='lat' dir='ltr'><strong>lhid.</strong></span> <span class='ocrx_word' id='word_1_277' title='bbox 860 3846 885 3918; x_wconf 86' lang='lat'><strong>§.</strong></span> <span class='ocrx_word' id='word_1_278' title='bbox 904 3851 930 3905; x_wconf 83' lang='lat'><strong>6.</strong></span> <span class='ocrx_word' id='word_1_279' title='bbox 949 3849 975 3902; x_wconf 90' lang='grc'><strong>7.</strong></span> <span class='ocrx_word' id='word_1_280' title='bbox 997 3849 1156 3921; x_wconf 51' lang='grc' dir='ltr'><strong><em>ἡσυχίαιτε</em></strong></span> <span class='ocrx_word' id='word_1_281' title='bbox 1174 3855 1220 3906; x_wconf 75' lang='grc' dir='ltr'><strong>καὶ</strong></span> <span class='ocrx_word' id='word_1_282' title='bbox 1238 3851 1331 3920; x_wconf 70' lang='grc' dir='ltr'><em>σχολὴν</em></span> 
     </span>
     <span class='ocr_line' id='line_1_36' title="bbox 175 3925 907 4008; baseline 0.01 -25"><span class='ocrx_word' id='word_1_283' title='bbox 175 3950 181 3958; x_wconf 90' lang='grc'><em>·</em></span> <span class='ocrx_word' id='word_1_284' title='bbox 281 3925 350 4000; x_wconf 71' lang='grc' dir='ltr'><strong>ἄγων</strong></span> <span class='ocrx_word' id='word_1_285' title='bbox 369 3929 383 3985; x_wconf 86' lang='grc' dir='ltr'>ὁ</span> <span class='ocrx_word' id='word_1_286' title='bbox 401 3933 550 4002; x_wconf 66' lang='grc' dir='ltr'><strong><em>Λγησίλαος</em></strong></span> <span class='ocrx_word' id='word_1_287' title='bbox 569 3935 692 4006; x_wconf 73' lang='grc' dir='ltr'><strong><em>διέτριβεν</em></strong></span> <span class='ocrx_word' id='word_1_288' title='bbox 710 3938 736 3988; x_wconf 70' lang='grc' dir='ltr'><strong>ἓν</strong></span> <span class='ocrx_word' id='word_1_289' title='bbox 747 3933 787 4008; x_wconf 74' lang='grc' dir='ltr'><strong>’τῇ</strong></span> <span class='ocrx_word' id='word_1_290' title='bbox 803 3930 907 4007; x_wconf 72' lang='grc' dir='ltr'><strong><em>Ἐφέσῳ.</em></strong></span> 
     </span>
    </p>
   </div>
   <div class='ocr_carea' id='block_1_7' title="bbox 0 0 1442 4736">
    <p class='ocr_par' dir='ltr' id='par_1_8' title="bbox 0 0 1442 4736">
     <span class='ocr_line' id='line_1_37' title="bbox 0 0 1442 4736; baseline 0 0"><span class='ocrx_word' id='word_1_291' title='bbox 0 0 1442 4736; x_wconf 95' lang='lat' dir='ltr'><strong> </strong></span> 
     </span>
    </p>
   </div>
  </div>
 </body>
</html>
