2916 4722
486 807 824 908 ransrnma.

302 963 683 1082 Scriptores
725 963 1005 1082 Ephesii.

621 1139 739 1226 Μεστὴν
757 1141 785 1192 tt
804 1138 1002 1226 φροντισμάτων
1017 1157 1097 1192 οισαν
1115 1137 1180 1209 (τὴν

621 1206 763 1298 Ἔφεσον),
780 1209 937 1298 φιλεοσόφων
960 1230 989 1262 τε
1013 1213 1092 1262 καὶ*
1076 1231 1182 1293 ρηιορι-

626 1283 684 1344 uon,
702 1280 738 1350 ὑφ
770 1275 804 1332 ὦν
822 1279 839 1348 ἡ
857 1278 987 1339 πόλις..
1006 1279 1118 1346 ,ἰσχύει
1135 1302 1182 1334 σο-

629 1355 693 1423 φίαν
712 1349 864 1404 ἓπαωοῦσα.

734 1430 801 1472 man
803 1436 836 1472 „t
825 1429 1013 1486 marmeipon
1028 1431 1125 1486 rnna.

628 1583 679 1656 Τῆς
697 1581 811 1647 ’Instare
835 1589 952 1647 ἰδέας..
969 1585 1181 1656 ,σπουδαζομέ-

625 1677 670 1723 supe
687 1655 802 1728 μάλιστα
820 1662 889 1709 ἓν
863 1660 898 1729 τῆ
914 1653 1020 1728 Εφέσῳ.

745 1736 824 1779 Philo·
825 1741 875 1779 unt
892 1737 946 1780 Vitt.
961 1738 993 1779 So
980 1736 1031 1794 o.pt
1044 1737 1123 1792 11,1⁸

597 1926 625 2013 ς.
675 1929 704 1992 1.

502 2087 635 2140 AETAS
659 2089 800 2142 PRIMA.

119 2194 391 2297 Antiquissima
406 2207 581 2296 tempora
598 2200 794 2301 continens
812 2223 937 2296 usque
962 2198 1009 2272 ad
1032 2197 1178 2276 annum

253 2321 341 2385 ante
366 2309 559 2416 Christum
585 2307 666 2385 fere
691 2311 1051 2408 quingentesimum.

210 2504 263 2568 De
294 2501 431 2567 dialecto
461 2501 637 2588 Ephesina‚
660 2525 766 2588 quam,
796 2526 890 2590 quum
919 2507 982 2592 jam
1012 2503 1052 2568 de
1077 2503 1177 2570 literis

120 2606 293 2672 dicendum
316 2610 365 2686 sit,
387 2607 438 2670 hic
459 2609 566 2692 priore
588 2605 664 2672 loco
688 2608 882 2686 tractandam
905 2611 1029 2687 censui,
1051 2611 1103 2672 vix
1125 2609 1178 2674 ha-

119 2713 201 2791 beo,
225 2710 314 2796 quod
343 2710 453 2796 dicam.
488 2695 652 2795 'Quamvis
681 2716 777 2792 enim,
808 2737 901 2799 quum
930 2717 964 2778 in
985 2711 1090 2797 Lydia
1119 2716 1177 2778 sita

120 2825 208 2881 esset
231 2816 390 2902 Ephesus,
419 2812 514 2878 valde
541 2814 580 2894 ab
610 2815 679 2881 aliis
702 2818 813 2882 Ioniae
843 2819 1021 2884 civitatibus
1051 2816 1177 2899 (multis

119 2941 240 3004 nempe
262 2917 359 3004 Lydii
388 2921 543 2982 sermonis
572 2923 821 3007 proprietatibus
851 2925 1015 3004 assumtis)
1039 2921 1176 2988 dialecto

120 3022 333 3108 discrepuerit
350 3023 392 3106 ¹),
422 3044 603 3108 perpaucae
631 3035 754 3090 tantum
783 3029 867 3090 inter
893 3025 1057 3111 vulgarem
1081 3025 1177 3088 diale-

119 3135 206 3190 ctum
232 3127 373 3191 lonieam
396 3146 539 3210 eamque,
569 3147 630 3210 qua
659 3131 830 3212 scriptores
857 3129 987 3212 Ephesii
1015 3129 1065 3190 usi
1094 3137 1175 3205 sunt,

119 3239 177 3294 aut
200 3229 287 3316 apud
308 3235 396 3317 ipsos
419 3237 564 3294 auctores
578 3231 834 3318 inveniuntur2),
858 3240 912 3295 aut
933 3232 1175 3318 agrammaticis

117 3343 275 3398 notantur
296 3334 526 3422 discrepantiae
538 3331 584 3412 8).

189 3595 226 3666 1)
245 3603 347 3653 Herod.
365 3601 388 3669 1,
409 3598 468 3651 142.
550 3594 587 3666 2)
605 3599 725 3653 Plurima
742 3604 806 3652 sunt
823 3603 893 3666 apud
911 3601 1174 3668 Hipponacteo,

117 3700 190 3752 quae
209 3691 301 3738 tamen
319 3701 382 3738 num
401 3689 434 3738 ad
452 3686 585 3750 Ephesios
603 3683 715 3756 tantum,
736 3702 770 3740 an
789 3690 824 3739 ad
837 3689 981 3740 untversos
994 3691 1074 3739 lones
1087 3687 1175 3750 perti-

116 3774 240 3842 nuerint,
258 3788 313 3825 non
325 3775 423 3838 ubique
435 3770 578 3838 dijudicari
590 3777 696 3839 potest3
715 3775 782 3825 sotis
795 3777 918 3838 Ephesiis
931 3773 1077 3840 peculiaris
1088 3773 1175 3822 tuisse

116 3859 228 3911 videtur
247 3861 336 3911 forma
353 3859 451 3911 aoristi
468 3859 545 3909 verbi
563 3861 678 3923 κτείνειν,
696 3873 775 3924 quam
792 3863 873 3912 habet
886 3861 955 3912 idem
974 3861 1002 3911 in
1019 3861 1175 3923 fragmento

117 3945 171 3997 Vl:
192 3938 230 3996 ’.Ω
253 3941 458 4014 Κλαζομὲνοιοι,
482 3940 625 4003 Βούπαλος
652 3941 870 3998 κατέκτειθεν
892 3947 962 4010 apud
986 3947 1174 4011 warennam,

116 4043 199 4096 quem
216 4031 254 4082 ot.
272 4033 307 4082 nd
324 4034 394 4082 huno
411 4033 511 4082 locun.
591 4026 628 4097 3)
645 4033 758 4084 Unicum
777 4035 821 4083 est
838 4027 941 4102 ἃφάρει,
960 4045 1013 4096 quo
1031 4045 1081 4096 pro
1100 4026 1174 4101 ἄφαρ

114 4129 185 4170 usos
202 4131 267 4170 esse
284 4117 453 4183 Ephesios
471 4113 609 4170 affirmant
625 4119 770 4202 Lenoogr.
788 4121 881 4183 ntym.
895 4121 971 4183 Mgn.
989 4121 1019 4171 et
1035 4121 1102 4170 hex.
1115 4121 1174 4170 (tu-
1229 4160 1239 4174 ,
