2916 4722
381 485 503 551 Natura
527 491 630 548 autem
652 476 796 562 numinis,
820 483 909 568 cujus
933 478 1033 545 cultui
1055 499 1143 544 sacra
1164 481 1226 543 ista
1250 481 1350 545 inser-

293 588 432 667 viebant,
455 585 556 673 qualis
578 586 688 665 fuerit,
712 595 744 650 et
766 584 876 649 sacelli
896 588 917 649 i.
942 607 968 649 e.
992 605 1101 648 sacrae
1123 582 1247 646 arboris
1270 586 1349 648 situs

294 695 328 757 in
349 691 453 755 media
474 688 595 776 palude
610 689 644 769 8)
667 689 806 753 indicare
833 689 908 752 milri
928 687 1056 752 videtur
1079 696 1112 750 et
1133 689 1232 750 totius
1256 687 1350 774 hujus

294 797 436 882 regionis
459 802 580 870 natura,
602 814 691 878 quae,
714 816 732 857 a
753 793 881 878 Caystri
906 791 1022 855 alluvie
1045 792 1222 854 continenti
1245 799 1351 854 terrae

294 896 456 983 paullatim
480 895 611 982 adjecta,
635 896 803 961 admodum
832 915 950 980 aquosa
975 904 1042 958 erat
1064 917 1101 957 ae
1121 893 1272 979 palustris
1296 893 1348 973 (cl.

295 1025 321 1064 c.
338 1001 361 1079 1,
383 999 410 1084 ἕ.
427 1002 456 1079 l,
479 1021 510 1062 n.
527 1002 687 1082 11-28),
710 999 805 1076 unde,
827 1002 854 1062 si
877 997 953 1083 quid
977 997 1132 1084 ejusmodi
1156 1000 1350 1084 argumentis

295 1103 496 1169 tribuendum
521 1113 576 1182 est,
600 1125 708 1190 aquae,
732 1111 886 1187 quatenus
909 1104 942 1165 in
964 1111 1046 1165 terra
1063 1110 1223 1187 appareat,
1247 1101 1349 1164 Deam
1427 1163 1433 1170 ,

296 1211 385 1272 istam
409 1208 505 1272 fuisse
528 1209 677 1292 sequitur.
729 1204 829 1290 Quod
858 1207 922 1291 jam
945 1205 1132 1270 certioribus
1156 1205 1349 1291 argumentis

295 1311 461 1398 probaturi
481 1331 596 1374 sumus.

383 1416 643 1499 Antiquissimum
665 1413 757 1498 hujus
773 1413 865 1476 Deae
880 1432 997 1476 nomen
1014 1411 1102 1496 Upin
1124 1409 1222 1474 luisse
1246 1413 1349 1474 omnia

297 1519 415 1583 docent
433 1520 482 1596 ⁹),
512 1516 607 1602 idque
636 1538 653 1580 a
683 1515 825 1604 Pelasgis
855 1513 1076 1580 deducendum
1105 1535 1175 1578 esse
1203 1513 1349 1600 pluribus

296 1620 488 1710 argumentis
518 1617 756 1704 comprobatur}
785 1621 918 1704 primum
949 1621 1031 1682 enim
1054 1618 1136 1703 Upis
1165 1615 1271 1682 cultae
1300 1640 1350 1682 ve-

296 1729 390 1813 stigia
420 1728 458 1788 iis
487 1726 683 1808 potissimum
713 1721 793 1787 locis
821 1725 1036 1810 reperiuntur,
1066 1741 1146 1804 quae
1175 1723 1350 1806 antiquissi-

296 1851 377 1891 mam
392 1826 601 1912 Pelasgorum
624 1826 811 1912 religionem
836 1825 1008 1890 diutissime
1030 1827 1237 1901 retinuerunt,
1261 1834 1298 1888 ut
1319 1827 1349 1887 iu

298 1928 543 2015 Peloponneso,
574 1931 740 1994 Troezene
759 1929 805 2008 ¹⁰)
829 1938 861 1992 et
882 1929 1094 2014 sparsaess),
1117 1930 1150 1992 in
1163 1927 1280 1992 ¹Attica
1298 1928 1349 2006 ¹²),

311 2199 326 2212 ‚
367 2141 402 2212 8)
420 2145 559 2208 'i'empium
579 2142 649 2196 enim
667 2142 815 2206 recentius,
834 2145 904 2208 quod
922 2141 949 2194 ln
963 2141 1165 2210 madia'paiude
1183 2145 1350 2194 exstructum

297 2232 383 2285 fnisse
401 2231 502 2282 seimus
521 2227 574 2296 (oi.
594 2243 618 2280 o.
637 2231 686 2296 lv,
705 2243 731 2292 p.
750 2231 786 2298 11,
808 2223 833 2295 §.
853 2224 898 2294 l.)
923 2227 998 2280 oiroa
1020 2228 1233 2292 antiquissimum
1258 2232 1350 2281 sacei-

297 2323 353 2370 lum
374 2315 545 2370 aedificatum
568 2320 618 2368 eat.
655 2314 761 2367 Gallim.
784 2331 810 2366 v.
828 2314 891 2368 248.
909 2317 989 2366 Κεῑνο
1014 2316 1045 2366 de'
1064 2334 1108 2366 τοι
1129 2319 1270 2384 μετέπειτα
1293 2317 1351 2384 περὶ

297 2409 390 2474 βρέτας
409 2399 470 2473 salpi
489 2403 628 2473 O‘r'prsdlov
646 2401 775 2471 Δωμήθη.
795 2438 842 2454 ...
878 2404 954 2454 Unde
976 2406 1054 2451 recte
1072 2403 1223 2452 Muellerus
1244 2399 1285 2466 (l.
1308 2402 1351 2452 in·

297 2493 341 2542 ira
358 2486 396 2554 1.)
425 2492 491 2556 „Im
509 2489 776 2553 maerentstiegenen
800 2489 884 2538 Thale
906 2489 954 2538 des
982 2479 1134 2550 Cayster“.
1240 2483 1276 2554 9)
1303 2487 1351 2538 ’.11-

299 2577 424 2651 molheus
451 2588 494 2636 ap.
528 2577 648 2626 Maerob.
675 2577 715 2640 V,
743 2572 787 2623 22.
819 2571 943 2642 Ὑμνῆσαι
977 2575 1076 2638 ταχέων
1105 2565 1186 2622 Ὦπιν
1217 2571 1351 2644 βλόμειραν

299 2653 400 2710 ὀϊστῶν.
432 2681 467 2694 -
498 2656 656 2709 Gallimaoh.
681 2674 708 2708 v.
726 2656 793 2708 noi:
823 2651 894 2710 Oion
915 2653 1017 2721 aaron.
1041 2660 1074 2710 de
1099 2661 1149 2711 dea
1173 2660 1300 2722 Ephesia.
1318 2679 1352 2694 -ι

298 2746 381 2795 Idem.
400 2747 499 2808 Hymn.
518 2745 579 2793 Del.
597 2758 624 2793 v.
642 2741 704 2794 292.
724 2742 770 2793 ubi
788 2744 823 2792 ef.
847 2739 989 2806 spanhem.
1006 2767 1044 2782 ·-
1070 2745 1159 2796 cicer.
1183 2749 1244 2796 Nat.
1269 2747 1350 2796 Deor.

298 2830 348 2895 111,
366 2828 410 2880 23.
429 2823 549 2898 „iiam“
567 2829 674 2880 tertiam
692 2841 732 2878 se.
754 2828 868 2878 Dianam
891 2831 1017 2896 „Graeci
1039 2845 1123 2895 saepe
1145 2832 1213 2894 Upin
1237 2837 1350 2894 paterno

299 2913 407 2965 nomine
428 2907 629 2978 appellarunt“.
649 2941 680 2952 -
699 2913 820 2964 macrob.
839 2917 858 2965 1.
877 2917 897 2966 Ι.
915 2929 1104 2984 ‚,eognomen‚
1124 2921 1193 2982 quod
1212 2931 1230 2968 a
1247 2917 1350 2968 veteri-

300 3003 349 3052 bus
362 2999 475 3054 Graecis
493 2999 672 3064 scriptoribus
689 3000 743 3064 ipsi
759 2999 864 3052 Dianae
881 3002 971 3053 iuerat
988 2997 1173 3070 impositum“,
1191 3007 1221 3054 et
1242 3017 1351 3072 „appa-

298 3086 354 3139 ruit
372 3111 407 3124 ·-
427 3087 495 3151 Opin
514 3088 626 3138 Dianam
646 3078 770 3138 dietam“
787 3092 852 3138 oett.
876 3103 902 3151 p.
922 3084 974 3140 148
992 3091 1036 3140 ed.
1054 3090 1111 3152 aip.
1131 3089 1253 3140 Creuzer
1271 3091 1308 3155 Π,
1326 3103 1351 3152 p.

301 3173 350 3225 121
369 3174 538 3243 „vielleioit
554 3187 616 3226 war
635 3174 701 3238 Opis
719 3176 767 3225 der
785 3175 885 3226 alteste
906 3177 992 3226 Numa
1015 3178 1064 3226 der
1085 3176 1263 3238 ephesiseiren
1283 3177 1352 3227 (iot-

300 3253 371 3312 tin“.
412 3263 453 3312 De
480 3267 573 3325 etymo
601 3261 678 3311 vocis
706 3261 741 3310 ci.
769 3263 860 3313 schol.
887 3264 921 3312 ad
949 3258 1104 3312 Gallimaoir.
1130 3260 1208 3312 Dian.
1236 3259 1350 3312 201.-

300 3348 452 3398 Schwenok
470 3348 585 3397 Andeui.
604 3359 630 3408 p.
648 3343 726 3414 ‘iiis
738 3351 780 3414 et,
800 3361 878 3412 quem
903 3347 940 3396 ibi
961 3349 1099 3398 laudatum
1122 3347 1229 3415 inveni,
1253 3349 1351 3398 Graes.

299 3433 389 3481 Lecti.
403 3430 531 3481 Hesiodd.
549 3445 576 3492 p.
588 3428 632 3480 27.
651 3455 686 3466 -
705 3435 746 3482 Ex
758 3436 808 3484 irae
825 3433 911 3505 igitur
921 3433 981 3482 Dea
997 3435 1028 3482 ut
1043 3429 1103 3483 fieri
1120 3434 1202 3498 solet,
1219 3433 1352 3484 deductae

299 3519 376 3565 sunt:
397 3515 502 3565 Dianae
519 3515 611 3565 nutrix
629 3519 718 3568 schol.
738 3517 806 3570 Gall.
829 3519 900 3582 1.l.;
924 3519 1041 3582 nympha
1064 3523 1145 3582 utque
1168 3531 1262 3569 eomes
1286 3519 1351 3568 Dia·

300 3613 354 3650 nae
372 3603 440 3650 Aen.
458 3601 508 3666 xi,
528 3597 589 3650 532.
608 3604 685 3652 serv.
700 3605 752 3669 -xi,
771 3600 833 3654 858.
851 3605 972 3654 Maorob.
991 3605 1058 3668 i.1.;
1076 3605 1155 3669 virgo
1174 3607 1352 3667 Hyperborea

303 3686 404 3736 Herod.
426 3687 474 3736 iv.
491 3682 536 3734 35.
555 3687 601 3736 aii.
621 3687 662 3740 Gi.
682 3689 780 3752 spani.
799 3687 905 3740 Gallim.
923 3689 1002 3740 iiian.
1020 3687 1082 3740 noi.
1160 3687 1212 3754 io)
1230 3691 1351 3754 opingm

250 3773 252 3776 ’
300 3771 371 3824 onim
395 3783 474 3836 quum
497 3773 613 3832 hymnus
636 3773 663 3824 in
686 3775 798 3825 Dianam
821 3773 928 3824 dicatur
949 3771 1064 3838 (Athen.
1088 3777 1163 3842 XIV,
1183 3789 1210 3838 p.
1228 3774 1284 3828 619
1306 3769 1351 3827 οὕ-

300 3875 390 3925 πιγγοι
408 3859 435 3909 δὲ
453 3859 490 3916 εἰς
507 3854 557 3921 τὴν
570 3852 702 3928 Ἄρτεμιν.
723 3887 754 3898 -
775 3861 906 3910 [theodor.
926 3864 1048 3912 sermon.
1067 3864 1115 3930 iv,
1126 3877 1152 3926 p.
1161 3860 1215 3913 sio
1233 3856 1350 3928 [r.1v.]

300 3938 333 4010 τῇ
350 3936 486 4011 Ἀρτέμιδι
502 3940 551 3994 τὸν
569 3940 703 4010 οὔπιγγον,
722 3949 753 3996 ui
771 3945 866 3996 Cereri
888 3948 984 4016 iulum,
1003 3943 1351 4014 secundoprimum),

302 4039 388 4088 eaque
406 4040 460 4077 vox
478 4029 585 4094 „petita
604 4033 698 4094 procui
717 4031 797 4082 dubio
816 4032 884 4082 sita
900 4045 970 4084 vooa
990 4035 1073 4101 Upis,
1095 4037 1161 4085 nota
1179 4035 1285 4086 Dianae
1302 4047 1351 4096 ap-

304 4105 475 4174 peliationa“
493 4119 523 4165 ut
541 4116 580 4167 ait
599 4120 741 4180 sprinhem.
765 4119 833 4168 1.1.:
854 4120 1010 4188 Troezene,
1031 4120 1077 4172 ubi
1099 4119 1221 4184 inprimis
1243 4131 1351 4173 carmen
