2910 4726
1091 306 1160 380 171
1226 369 1230 389 .

105 491 191 552 inter
214 488 306 550 strias
329 487 529 563 intersertae,
559 483 672 569 quibus
695 484 772 556 solis
796 490 940 550 striatura
963 487 1070 552 dorica
1095 489 1162 554 elfi-

106 590 250 656 ciebetur
266 591 308 669 ⁹),
331 587 478 674 epistylia
501 591 655 674 tripartita
673 590 719 672 ¹⁰)
745 600 790 668 et,
812 591 846 652 ui
871 589 979 667 lallor,
1010 591 1162 657 denticuli

105 685 236 780 qnoque
262 694 316 772 ¹¹).
362 693 450 776 Quas
480 691 621 778 singulas
650 697 840 757 mutationes
870 692 980 778 templi
1008 696 1162 779 Ephesiui

19 831 22 838 ·
105 798 270 862 architecti
293 795 449 880 complexi
478 804 572 880 atque
602 805 687 860 certa
716 797 848 882 quadam
876 791 1000 860 r'atione
1023 801 1162 862 interae

104 905 276 989 jungentes
306 909 338 963 et
362 909 598 984 componentes
627 921 744 964 novum
774 921 905 985 prorsus
934 901 1162 966 architecturae

104 1027 209 1093 genus
234 1005 479 1080 constituerunt,
509 1001 596 1088 quod
619 1003 762 1066 lonicum
792 1002 907 1066 dictum
939 1013 986 1068 est
1015 1003 1067 1068 vel
1088 1007 1163 1089 qnia

104 1114 137 1173 in
161 1109 254 1172 Ionia
276 1109 408 1192 primurn
436 1109 628 1170 mutationes
658 1111 737 1170 istae
761 1107 862 1194 laetae
892 1109 970 1187 siut,
999 1107 1051 1170 vel
1074 1106 1161 1192 quod

103 1222 218 1298 postea
242 1211 287 1274 ibi
309 1213 440 1274 maxime
463 1212 543 1272 ratio
567 1209 621 1272 illa
644 1213 756 1274 usitata
782 1210 883 1274 luerit.

195 1315 288 1398 Quae
312 1335 407 1398 quum
429 1316 474 1376 ita
491 1315 561 1390 sint,
578 1313 696 1377 ordinis
716 1315 816 1378 lonici
833 1317 987 1406 originem
1004 1335 1040 1378 ex
1058 1315 1164 1401 Aegy-

105 1431 162 1504 pto
187 1417 304 1481 deduci
326 1437 393 1480 non
422 1437 519 1501 posse
547 1415 640 1480 lacile
672 1426 813 1502 apparet.
859 1420 931 1482 lloc
954 1417 1079 1504 quidem
1104 1419 1164 1480 'Vir

63 1533 68 1538 '
105 1521 152 1585 lll.
179 1543 197 1584 e
221 1524 323 1606 patria
346 1522 487 1605 priorum
503 1520 612 1606 templi
635 1524 736 1584 nostri
753 1523 993 1586 architectorum
1018 1525 1164 1606 conjecit,
1270 1567 1272 1574 -

104 1629 159 1710 qui
183 1647 279 1709 quum
303 1646 320 1687 e
344 1623 442 1688 Creta
467 1624 594 1687 oriundi
616 1627 693 1704 sint,
723 1629 756 1688 in
780 1625 906 1690 Cretam
931 1637 1034 1691 autern
1058 1629 1164 1690 urania

105 1731 247 1791 instituta
277 1750 314 1790 ae
340 1727 393 1790 vel
422 1730 507 1812 ipsas
537 1738 620 1791 artes
650 1750 687 1791 ex
719 1731 868 1816 Aegypto
899 1729 1004 1794 delata
1035 1741 1165 1796 censeat

107 1832 319 1908 Thierschius,
341 1831 484 1894 Ionicum
501 1853 628 1916 quoque
651 1835 877 1898 architecturae
901 1834 1052 1912 ordinem,
1077 1834 1164 1920 quod

107 1957 123 1998 e
146 1939 249 2020 patria
273 1957 328 1998 sua
352 1937 383 1996 in
410 1935 531 1998 louiam
555 1935 743 2000 deduxerint
767 1937 986 2023 Chersiphron
1010 1950 1041 2002 et
1064 1940 1165 2003 hleta-
1268 1937 1275 1954 ⁸

77 2027 81 2034 ⁴
104 2061 213 2125 gener,
237 2060 274 2102 ex
297 2039 449 2125 Aegypto
482 2043 638 2126 originem
668 2045 798 2105 traxisse
827 2042 902 2106 iude
927 2043 1090 2107 concludit
1107 2045 1163 2122 ¹²).

11 2189 12 2194 1
92 2145 243 2208 Primum
273 2153 392 2220 autem,
422 2142 509 2226 quod
538 2162 555 2206 e
584 2141 682 2208 Creta
713 2144 933 2229 Chersiphron
963 2157 995 2209 et
1021 2147 1165 2232 llletage-

105 2268 162 2310 nes
179 2245 306 2310 oriundi
323 2245 449 2323 luerint,
472 2243 547 2308 iude
565 2249 657 2308 etiam
673 2267 774 2332 genus
791 2247 869 2310 illud
888 2249 1115 2310 architecturae
1130 2253 1164 2310 iu

106 2351 228 2414 loniam
246 2369 302 2412 eos
319 2333 493 2413 traduxisse
510 2371 706 2434 nequaquam
728 2353 876 2434 sequitur,
900 2361 965 2414 tum
987 2373 1065 2414 vero
1084 2372 1165 2414 satra.

107 2475 191 2519 mutu
216 2464 328 2516 contra
351 2456 441 2516 istam
464 2457 651 2516 sententiam
667 2463 884 2540 argumentum
907 2457 940 2518 iu
963 2475 1003 2518 eo
1026 2458 1163 2539 positum
1244 2523 1249 2532 ,

106 2567 162 2635 est,
186 2556 274 2640 quod
298 2555 415 2620 nnllam
439 2579 578 2642 prorsus
602 2579 639 2620 ac
662 2579 702 2620 ne
725 2560 881 2621 minimam
906 2558 1033 2643 quidem
1055 2561 1163 2624 lonica

107 2663 317 2724 architectura
341 2681 411 2723 cram
435 2662 633 2747 Aegyptiaca
656 2660 775 2726 habeat
793 2661 1037 2727 similitudinem.
1052 2702 1091 2714 -
1109 2665 1184 2728 Ni·-

21 2749 22 2756 ἵ
106 2765 150 2828 hil
172 2768 270 2850 igitur
292 2766 324 2826 in
347 2764 406 2826 hec
432 2765 616 2828 Doctissimi
639 2769 698 2828 viri
725 2769 882 2830 sententia
905 2769 1010 2831 inesse
1032 2767 1165 2842 videtur,

106 2867 210 2954 quod,
229 2889 269 2930 ne
293 2877 431 2929 nostram
454 2874 654 2948 retinearnuS,
677 2869 836 2956 impediat.

198 2971 267 3034 Nec
290 2973 400 3048 ruinae,
423 2993 515 3055 qnam
538 2993 625 3034 noro
645 2975 873 3038 architecturae
896 2997 1024 3062 genere,
1048 2978 1166 3061 magnh

107 3075 219 3140 tudine
243 3083 384 3136 nostrum
408 3072 558 3156 templum
583 3074 740 3146 excelluit;
767 3080 915 3139 universo
941 3080 1022 3140 enirn
1046 3078 1165 3160 tnrnplo

110 3179 282 3266 longitudo
313 3187 380 3240 erat
409 3175 711 3260 quadringentorum
739 3179 852 3264 viginti
882 3189 914 3240 et
944 3181 1081 3262 quinque
1112 3201 1166 3262 pe-

110 3283 194 3360 dum,
231 3279 365 3345 latitudo
390 3279 597 3343 ducentorum
630 3289 661 3342 et
687 3283 813 3366 viginti;
845 3279 999 3344 columnis
1030 3279 1164 3348 altitudo

109 3385 228 3472 pedum
259 3387 420 3472 sexaginta
438 3381 499 3462 18);
532 3385 574 3446 ita
605 3394 639 3446 ut
661 3385 722 3468 jam
745 3383 784 3448 ab
808 3383 977 3474 Herodoto
1008 3405 1069 3449 uara
1095 3406 1165 3447 cum

109 3617 185 3666 dedit
207 3618 264 3666 Ker
287 3608 383 3666 Portet·
406 3617 442 3678 pl.
461 3612 506 3666 43.
519 3615 549 3665 0.
585 3612 712 3682 45,Α,Β.
758 3619 813 3666 flas
838 3619 929 3667 autern
951 3615 1044 3668 retinas
1067 3627 1166 3666 revera

11 3727 13 3742 ι
110 3713 215 3767 serrem,
235 3713 304 3764 quaa
322 3701 446 3767 diximus,
465 3705 614 3764 temporum
634 3713 712 3768 esse,
732 3713 818 3766 neqrre
837 3707 899 3764 post
917 3703 1097 3752 Alexandrum
1115 3715 1166 3752 ae-

110 3783 233 3837 dificatas
247 3788 370 3849 probavit
383 3791 487 3838 Herder
496 3790 636 3850 Persepol.
649 3803 675 3850 p.
686 3787 721 3839 82
730 3787 810 3839 -84,
829 3789 946 3838 Niebuhr
956 3787 990 3837 lh.
1003 3803 1028 3850 p.
1042 3785 1165 3836 87-196.

110 3873 260 3924 Columnae
270 3873 379 3924 doricae
390 3874 482 3936 templi
492 3875 620 3926 Paestani
630 3876 709 3924 hese·
720 3875 933 3926 habentWinck.
946 3875 963 3922 1.
974 3875 992 3922 l.
1004 3888 1027 3934 p.
1035 3869 1096 3920 375.
1104 3867 1166 3922 430.

113 3955 151 4022 8)
165 3961 205 4008 lh.
223 3958 268 4026 45,
282 3959 312 4009 C.
323 3963 352 4008 Β.
406 3957 441 4024 9)
460 3963 498 4012 ΙΙ).
517 3959 562 4027 45,
575 3965 606 4012 Α.
618 3963 646 4010 Β.
701 3955 754 4024 10)
772 3961 872 4012 Ibidem
891 3960 917 4008 in
931 3958 1065 4021 sepulcris
1082 3957 1168 4020 regiis

112 4045 207 4094 Muell.
225 4043 288 4110 244,
307 4043 325 4094 6
343 4059 370 4108 p.
388 4044 449 4098 299.
525 4042 574 4110 ll)
592 4049 686 4097 Muell.
704 4049 724 4096 1.
736 4049 755 4097 1.
775 4050 803 4097 et
820 4039 882 4112 281,
902 4046 919 4094 5
937 4059 963 4107 p.
980 4041 1042 4094 367.
1112 4039 1167 4104 12)

112 4131 242 4182 'thiersch
262 4133 387 4194 Epochen
406 4136 431 4184 d.
452 4133 514 4184 hild.
533 4135 630 4184 Knnst.
649 4134 684 4200 11,
703 4147 728 4195 p.
745 4131 805 4183 136.
891 4127 939 4194 13)
959 4130 1028 4180 Plln.
1041 4130 1167 4192 XXXVI,
