2866 4736
1129 263 1153 336 3

88 445 227 532 Epheso
249 445 283 506 in
299 441 464 507 Orientem
481 441 652 531 pergentes
675 443 938 530 pro'hcisoi‘dicit
953 467 1011 531 per
1025 446 1156 512 Maean-

88 549 142 614 dri
166 567 311 632 eampum
333 545 492 632 urbesque
516 547 648 626 Tralles,
670 547 870 624 Laodiceam,
893 549 1075 634 Apameam,
1096 573 1156 636 per
1222 597 1228 608 .

14 728 18 744 Ι
89 653 292 738 Lycaoniam
316 660 348 714 et
370 649 608 737 Cappadociam
631 673 730 736 usque
755 651 796 715 ad
820 647 1022 738 Euphratem.

184 753 396 840 Ephesiorum
419 766 523 819 autem
546 758 746 833 territorium,
770 778 865 840 quum
888 756 928 820 ad
951 760 1043 821 maris
1067 778 1154 822 oram

92 861 206 924 vicinis
236 845 514 944 Colophoniorum
547 869 578 923 et
600 859 775 924 Samiorum
805 861 888 948 agris
918 862 1155 949 angustioribus

93 963 214 1028 finibus
237 966 473 1040 terminaretur,
497 985 564 1040 eas,
589 985 670 1048 quae
694 961 833 1048 Caystro
857 965 1005 1050 adjacent
1027 967 1156 1030 interio-

97 1071 141 1132 ris
161 1078 266 1131 terrae
288 1077 411 1152 partos,
438 1066 634 1154 complexum
658 1089 727 1130 esse
751 1089 851 1151 eaque
873 1048 964 1153 parte
987 1068 1080 1132 latius
1103 1093 1156 1155 pa-

100 1173 193 1235 tuisse
216 1169 351 1237 videtur.
377 1209 418 1222 -
441 1172 551 1256 ltaque
572 1173 635 1257 jam
651 1169 691 1234 de
714 1173 811 1262 ipsius
827 1172 914 1234 urbis
937 1175 998 1236 situ
1021 1176 1155 1257 primum

94 1273 245 1352 dicemus,
269 1273 386 1338 deinde
401 1273 449 1337 ‘de
472 1295 528 1338 ora
552 1275 776 1360 Ephesiorum,
799 1281 964 1359 postremo
988 1287 1091 1340 autem
1115 1276 1155 1342 de

94 1378 177 1444 loeis
198 1378 447 1443 mediterraneis.
488 1377 592 1463 Atque
614 1379 694 1444 haee
714 1377 865 1442 videntur
887 1381 1007 1442 seriore
1031 1378 1155 1444 demum

94 1494 244 1570 tempore
265 1469 396 1569 Ephesii
419 1502 602 1568 occupasse.

454 1671 793 1756 yse..

188 1791 262 1876 Qua
284 1793 379 1878 igitur
405 1799 497 1876 parte
519 1788 659 1875 Cayster
687 1794 786 1854 amnis
807 1793 891 1855 inter
915 1802 1106 1878 praeruptos
1125 1795 1156 1872 ¹)

95 1895 235 1964 Gallesii
256 1897 373 1958 montis
389 1896 424 1975 ²)
447 1892 547 1974 clivos
565 1904 596 1958 et
612 1896 751 1979 Pactyae
766 1894 800 1972 ³)
824 1894 947 1959 radices
967 1899 1157 1982 septentrio-

97 2000 187 2064 nales
211 2021 335 2063 cursum
358 2019 448 2062 suum
471 1997 512 2061 ad
534 2001 670 2062 vicinum
693 2020 778 2061 mare
803 1996 925 2085 dirigit,
948 1998 1039 2079 limo,
1063 2024 1157 2086 quem

75 2117 79 2124 “
98 2127 117 2169 e
139 2104 301 2168 montibus
318 2103 455 2168 delatum
471 2101 515 2166 ibi
531 2101 689 2187 deposuit,
709 2101 792 2165 haud
808 2124 952 2189 magnam
970 2105 1076 2168 eflecit
1090 2105 1158 2190 pla-

99 2211 220 2287 nitiem,
243 2229 336 2293 quam
358 2206 447 2272 lluvii
473 2204 634 2280 alluvione
656 2205 819 2291 paullatim
850 2228 868 2269 e
890 2210 968 2270 muri
993 2211 1157 2272 emersisse

5 2317 12 2336 ⁸
102 2315 163 2396 ipsi
182 2321 308 2376 veteres
330 2321 418 2375 reete
439 2292 501 2396 jam
523 2298 735 2384 videruntl);
765 2310 808 2370 ita
838 2318 873 2370 ut
897 2309 950 2371 vel
973 2297 1094 2394 Syrien*
1111 2313 1157 2401 ina

103 2415 207 2494 solam,
233 2425 316 2480 teste
338 2414 444 2480 Plinio
461 2416 503 2494 ⁸),
524 2422 627 2476 terrae
650 2410 817 2495 adjecerim
841 2410 928 2494 quod
951 2421 984 2475 et
1005 2412 1076 2477 aliis
1099 2435 1157 2499 po·

100 2531 167 2584 stea
188 2518 301 2584 insulis
324 2517 474 2584 accidisse
498 2514 598 2581 eolles
620 2512 768 2579 nonnulli
790 2517 894 2578 saxosi
917 2525 1081 2597 testantur,
1104 2521 1157 2604 qui

99 2623 196 2688 hodie
216 2627 253 2692 in
274 2621 380 2688 medio
405 2621 582 2706 eodemque
596 2618 780 2706 planissimo
804 2619 924 2704 Ephesi
946 2643 1058 2708 eampo
1082 2641 1158 2687 oon·

173 2885 207 2951 l)
226 2889 360 2942 cheodler
377 2905 403 2954 p.
423 2887 483 2940 157.
502 2915 536 2924 -
555 2883 701 2952 Poujoulet
719 2900 744 2947 p.
758 2881 819 2935 274.
833 2881 1044 2938 -·'l'ournefort
1057 2903 1082 2950 p.
1095 2883 1158 2938 388.

100 2989 170 3042 „ees
188 2980 349 3042 montagnes
368 2979 431 3027 sont
441 2975 633 3026 horrihlenrent
644 2966 753 3023 callides
766 2965 782 3021 h
796 2971 884 3034 plomb
903 2977 931 3022 et
943 2971 1002 3023 sont
1014 2983 1049 3024 un
1063 2959 1159 3035 espect

102 3054 289 3111 1111111115(-
307 3062 485 3128 „PreoipIces
504 3061 535 3111 ot
550 3075 567 3111 e
585 3059 751 3122 stupendous
770 3057 861 3121 height
885 3057 982 3120 ebrnpt
1004 3059 1057 3108 aad
1081 3058 1159 3108 ineo·

102 3139 242 3196 cemme‘
263 3147 398 3199 onanner
421 3163 447 3211 p.
468 3146 528 3196 rso.
554 3149 595 3195 ea.
619 3146 693 3207 angi.
769 3131 804 3204 2)
828 3144 917 3192 strae.
936 3143 1010 3204 xm,
1035 3155 1061 3202 p.
1081 3138 1157 3204 eme

99 3232 181 3282 hodie
198 3234 336 3284 Aleman
354 3235 460 3300 Degh,
478 3233 626 3282 seeundum
638 3229 807 3291 Kiepertum,
825 3225 913 3274 minus
931 3229 1008 3274 recte
1020 3226 1160 3275 hiemen
1187 3217 1190 3226 “

98 3319 171 3381 epod
190 3317 383 3383 (theoderum
403 3323 523 3370 ceterum
542 3315 613 3379 pinis
630 3315 749 3364 ebonem
767 3315 795 3362 et
813 3310 899 3373 pratis
917 3323 1099 3374 oqumumque
1117 3311 1158 3361 11-

98 3403 188 3471 vulis,
207 3405 252 3468 qui
274 3404 320 3456 ubl
341 3403 493 3471 confluunt,
521 3399 652 3467 majorem
676 3395 798 3450 efficiunt
822 3397 909 3447 rivum
928 3399 1089 3448 lieleentem
1107 3409 1160 3450 no·

99 3493 189 3554 mine3
208 3493 233 3543 is
251 3503 331 3556 quum
350 3492 477 3556 exiguum
490 3487 715 3551 Colophoniorum
730 3497 825 3550 egnum
843 3482 962 3552 perfluit,
980 3489 1091 3548 praeter
1109 3497 1159 3540 ve-

98 3577 167 3630 teris
191 3577 358 3641 colophonis
380 3579 480 3628 rudere
501 3573 642 3626 deseendit
670 3574 704 3623 ed
726 3571 804 3624 littus
831 3574 861 3621 et
881 3567 963 3635 juxte
985 3571 1060 3622 Noti!
1086 3571 1160 3622 urhis

98 3662 252 3728 (quendem
275 3663 502 3726 Colophoniorum
526 3655 637 3724 portus)
665 3657 814 3721 parietinas
841 3657 870 3707 in
897 3669 973 3708 mere
999 3658 1159 3724 prolabitur,

98 3752 170 3814 quod
193 3749 296 3812 optime
318 3749 444 3811 exposuit
466 3749 597 3800 Arundell
618 3744 699 3796 Vlstt.
725 3757 751 3806 1³·
775 3740 836 3794 304.
913 3737 948 3805 3)
972 3741 1061 3794 stret.
1085 3743 1160 3809 XIV,

98 3833 163 3888 6311.
179 3833 258 3886 647.
328 3830 365 3896 t)
382 3835 471 3886 suet.
490 3833 551 3900 XV,
570 3829 632 3884 691.
652 3857 682 3872 -
702 3830 834 3880 Herodot.
851 3829 896 3894 11,
914 3825 957 3878 lo.
975 3825 1026 3878 τῶν
1043 3827 1094 3899 γὰρ
1113 3821 1161 3881 οὗ.

98 3907 167 3989 oded
182 3918 234 3972 τῶν
252 3907 388 3992 εἰρηῇώων
405 3917 457 3972 τῶν
475 3916 539 3989 ὑπὲρ
559 3921 668 3987 Μέμφιν
686 3911 760 3969 πόλιν
777 3919 897 3984 κειμένων
918 3911 951 3964 τὸ
969 3912 1068 3983 μεταξὺ
1086 3914 1162 3983 ipol-

97 4004 159 4059 γετό
182 4025 231 4077 poe
254 4009 322 4059 suec
344 4024 404 4058 uoce
428 4001 526 4063 κόλπος
549 3999 697 4070 θαλάσσης,
726 3998 809 4070 ὥςπερ
832 4018 860 4066 γε
886 3997 921 4048 τὰ
938 4003 1005 4069 scapi
1022 4036 1030 4051 .
1048 4035 1056 4052 .
1076 4035 1083 4051 .
1102 4035 1108 4084 3
1127 4033 1161 4049 .·

94 4083 209 4164 Ἔφεσόν
228 4111 257 4146 τε
271 4093 315 4144 rel
327 4087 488 4168 Μαιάνδρου
500 4091 599 4143 πεδίον.
620 4105 622 4112 “
670 4084 706 4154 h)
723 4087 793 4138 nist.
806 4087 869 4136 Net.
881 4085 916 4151 V,
929 4082 973 4209 δὲ.
