2910 4726
1110 292 1179 366 147

122 484 175 541 eta
199 474 312 556 luisse,
334 475 392 542 sed
422 479 514 544 etiam
538 501 606 544 cum
636 495 752 568 pompa
776 482 910 568 quadam
937 493 1031 571 atque
1057 483 1180 552 luxurie

120 583 307 666 saepissime
328 584 459 647 recitata
474 583 532 664 ²¹).
592 585 679 649 Inter
700 589 836 652 musicos
854 586 935 652 male
958 588 1038 653 lama
1060 588 1180 678 gaudet

121 683 294 749 llatalus
311 685 476 772 Ephesius,
499 686 613 767 auleta,
636 691 689 774 qui
712 687 795 753 haud
818 689 949 756 multum
972 701 1046 756 ante
1060 693 1179 757 Demo·

121 789 267 852 sthenem
289 792 375 853 vixit.
421 793 452 855 ls
468 796 550 856 enim
566 795 684 879 primus
701 803 733 864 et
747 791 856 858 habitu
871 793 1018 860 muliebri
1033 797 1067 860 in
1082 817 1178 861 scena

119 893 289 956 incessisse
312 893 420 972 fertur,
444 905 476 960 et
497 897 626 960 fractam
642 895 801 982 quandam
823 895 990 962 modorum
1013 897 1177 965 mollitiem

119 997 153 1058 in
177 1006 276 1059 artem
299 996 460 1064 induxisse
476 1000 536 1082 ²²).

209 1099 463 1166 Zenodotum
486 1103 666 1189 Ephesium,
693 1102 870 1168 Ptolemaei
892 1103 1091 1192 Philadelphi
1113 1129 1182 1174 mon·⁴

118 1203 253 1290 gistrum
277 1213 309 1267 et
324 1203 536 1270 bibliothecae
552 1205 785 1272 Alexandrinae
800 1207 1004 1294 praelectum,
1027 1220 1062 1273 ut
1076 1232 1178 1298 gram-

119 1309 268 1370 maticum
289 1309 336 1371 sic
358 1311 450 1373 etiam
472 1316 601 1395 pottsm
623 1311 721 1376 luisse
735 1313 850 1375 scimus
866 1311 923 1391 ²³),
945 1332 1050 1396 neque
1071 1323 1176 1378 tamen

119 1420 250 1496 praeter
278 1419 480 1498 grammatica
509 1414 569 1479 alia
598 1417 668 1502 ejus
703 1435 801 1500 opera
834 1413 930 1478 nobis
963 1417 1175 1482 nominantur.

11 1545 23 1560 ·
119 1513 223 1600 Cujus
248 1519 330 1580 enim
353 1521 387 1581 in
408 1517 595 1606 anthologia
619 1521 842 1606 epigrammata
865 1520 924 1582 tria
947 1529 1028 1596 sunt.
1051 1523 1077 1584 is
1101 1543 1175 1586 num

119 1617 279 1704 Ephesius
302 1620 404 1701 luerit,
424 1633 459 1688 ut
473 1621 673 1687 Brunchhius
695 1624 827 1708 putavit,
849 1620 972 1686 dubitat
985 1623 1107 1689 Jacobs
1123 1626 1175 1704 ²⁴).
1254 1615 1259 1626 ’

120 1761 161 1774 ·-
177 1722 267 1788 Idem
290 1724 358 1790 fere
379 1727 413 1789 in
436 1726 667 1790 Menecrate
689 1723 811 1802 accidit,
832 1745 905 1789 nam
929 1735 961 1790 et
975 1728 1002 1789 is
1025 1749 1176 1814 gramma·

118 1831 200 1892 tiens
225 1838 274 1893 est
288 1830 331 1909 ²⁵)
355 1839 388 1894 et
410 1811 535 1894 cermen
551 1828 592 1894 de
606 1851 642 1894 re
657 1821 773 1895 rustica
788 1829 950 1914 scripsisse
973 1830 1107 1896 traditur
1118 1833 1176 1913 πμ

118 1930 206 1996 unde
228 1931 345 2011 Plinio,
368 1935 421 2018 qui
444 1953 481 1998 ex
504 1953 544 1999 eo
567 1935 686 2012 hausit,
708 1931 892 2018 simpliciter
914 1937 1012 2019 poeta
1035 1933 1176 2022 appella-

118 2047 171 2101 tur
186 2037 245 2118 ²⁷).
271 2073 311 2090 ··-
335 2031 523 2103 Musaeus
546 2039 702 2124 Ephesius
726 2041 862 2101 carmina
884 2037 1041 2103 nonnulla
1063 2043 1095 2104 in
1119 2040 1176 2104 ho-

117 2160 231 2206 norem
254 2143 405 2208 Eumenis
428 2152 521 2228 atque
544 2130 648 2219 Attali,
671 2161 781 2228 regum
804 2142 1087 2230 Pergamenorum,
1109 2147 1176 2228 qui-

111 2231 179 2311 'bus
202 2245 279 2310 inde
301 2247 341 2311 ab
365 2265 450 2310 anno
475 2247 538 2310 169
561 2244 717 2310 subditam
741 2239 902 2329 Ephesum
925 2245 1058 2309 vidimus
1082 2250 1123 2323 (c.
1137 2247 1174 2326 ll,

117 2349 146 2434 ἓ.
162 2352 205 2430 9)
223 2355 440 2437 composuisse
456 2349 579 2427 dicitur,
591 2345 771 2420 Perseidem
784 2348 842 2428 ²⁰),
860 2345 1033 2428 Isthmiaca,
1049 2347 1110 2412 alia
1125 2349 1174 2430 ²⁹)

119 2491 160 2504 -
184 2453 411 2519 Alexandri
427 2453 566 2539 Ephesii,
588 2451 797 2540 „negligentis
815 2452 951 2518 hominis
966 2464 999 2517 et
1013 2473 1079 2516 uon
1094 2452 1174 2517 honi

89 2739 92 2745 ⁴
186 2663 242 2736 21)
261 2673 319 2722 lon.
337 2683 363 2734 p.
381 2665 443 2721 530.
514 2663 568 2736 22)
584 2666 734 2738 Ἱστόρητοιι
757 2661 808 2738 γάρ
832 2685 892 2720 τινα
910 2666 1034 2720 Βάταλον
1050 2663 1174 2738 'Emissos

117 2750 234 2823 αὖλητὴν
255 2759 391 2824 γενέσθαι,
415 2751 445 2813 is
465 2755 570 2825 πρῶτος
598 2752 746 2824 ὑποδήμασι
770 2757 925 2824 γυναικείοις
947 2757 989 2808 ἰπὶ
1015 2751 1062 2822 τῆς
1084 2753 1174 2824 σκηνῆς

116 2841 244 2913 1χρ4οοιτο
258 2843 302 2892 καὶ
313 2843 398 2912 μέλεοι
410 2838 558 2908 κατεαγόσι,
577 2843 621 2894 καὶ
639 2838 703 2900 ὅλως
721 2840 768 2910 τὴν
782 2845 871 2909 τέχνην
885 2838 1041 2910 ἐμάλθαξεν.
1078 2841 1172 2892 Lites.
1257 2853 1261 2862 '

116 2930 174 2990 Vit.
193 2930 332 2980 Demosth.
350 2927 368 2980 2
388 2926 432 2991 (p.
451 2925 478 2996 4,
496 2925 531 2978 24
549 2943 587 2978 ss.
607 2942 650 2992 op.
668 2929 752 2979 Behk.
773 2931 860 2980 Oratt.
879 2928 992 2990 Philipp.
1010 2921 1073 2993 -).
1121 2923 1174 2990 23)

117 3017 196 3076 Quod
219 3015 330 3077 saepius
351 3017 407 3065 tum
434 3015 536 3064 fuctum
560 3028 623 3064 esse
646 3014 747 3064 scimus
770 3027 795 3064 e.
819 3028 846 3077 g.
870 3013 897 3064 iu
922 3007 1097 3064 Callimacho.
1133 3015 1174 3064 De

115 3103 261 3153 Zenodoto
284 3101 382 3152 suidas
403 3095 553 3166 Ζηνόδοτος
573 3093 695 3166 Ἐφέσιος
718 3096 845 3154 ἐποποιὸς
868 3097 912 3146 καὶ
929 3097 1120 3165 γραμματικὸς.
1141 3123 1173 3136 -

115 3187 255 3238 Villoison
272 3189 374 3238 Anecd.
398 3189 445 3238 Gr.
469 3199 494 3246 p.
518 3179 571 3232 264
587 3183 650 3248 Ζην.
673 3182 761 3252 ἕτερος
784 3201 825 3250 γρ.
845 3183 890 3232 καὶ
908 3181 1034 3239 ἐποποιὸς
1048 3175 1173 3251 Ἐφέσιος.

115 3269 170 3338 24)
189 3274 270 3324 Anni.
289 3275 325 3340 11,
344 3270 389 3323 61.
408 3300 439 3311 -
459 3270 562 3322 Jacobs
580 3271 658 3318 Anth.
671 3270 748 3319 Pom.
762 3261 1008 3335 Χ111,ὀ.964.-
1019 3269 1079 3316 Huc
1092 3267 1175 3318 etiam

115 3359 299 3410 Parrhasii
322 3358 518 3422 epigrammata
545 3354 682 3418 pertinent
704 3357 783 3406 Anat.
801 3355 843 3421 11,
863 3351 906 3404 60.
943 3352 1173 3419 (thiebault,

116 3439 139 3512 §.
158 3443 186 3496 ὁ.
293 3438 347 3509 25)
372 3443 470 3494 suidas
488 3458 511 3493 o.
530 3455 555 3492 v.
579 3444 679 3492 Aratus
703 3434 856 3506 ’Λκουστὴς
873 3442 972 3506 ἰγένετο
991 3434 1175 3508 γραμματικοῦ

115 3534 161 3600 μὲν
179 3527 230 3582 τοῦ
244 3523 373 3598 Ἐφεσίου
397 3531 464 3581 Met.
484 3529 537 3580 κτλ.
611 3524 664 3592 26)
682 3527 771 3577 Varro
789 3527 821 3576 D.
840 3527 873 3576 11.
892 3527 926 3576 11.
945 3527 972 3592 1,
999 3522 1059 3587 11).
1078 3520 1112 3574 91
1131 3525 1174 3576 ed.

115 3617 174 3680 ltlp.
211 3619 325 3668 Easdem
349 3629 395 3666 res
421 3611 555 3680 (rusticas
578 3608 636 3678 sc.)
659 3613 740 3664 etium
764 3612 869 3676 assidam
882 3612 1013 3671 ,versibus
1032 3606 1174 3676 (scripse-

115 3696 197 3768 runt)
217 3735 289 3754 ...·.
307 3703 481 3752 Menecrates
503 3700 645 3764 Ephesius.
659 3715 666 3722 ·
681 3701 820 3750 [tetstatur
838 3697 901 3748 thid.
921 3700 974 3767 lli,
995 3695 1037 3764 16,
1057 3697 1102 3747 uhi
1120 3699 1174 3748 duo

117 3789 209 3853 opium
228 3801 341 3855 genera,
360 3787 466 3852 nigrum
485 3792 514 3837 et
530 3787 634 3837 varium
656 3785 782 3848 posuisse
805 3784 913 3836 dieitur.
1020 3778 1073 3845 27)
1091 3785 1175 3832 ludex

115 3875 279 3939 scriptorum
297 3877 329 3926 lt.
348 3875 422 3924 Vlll.
504 3867 558 3937 28)
577 3871 651 3922 suth.
668 3885 692 3921 s.
710 3887 736 3920 v.
755 3869 882 3930 incaestis
900 3870 950 3922 τῶν
969 3870 1005 3926 εἰς
1023 3865 1085 3925 τοὺς
1103 3867 1174 3936 Περ-

115 3960 249 4030 γαμηνοὺς
268 3962 312 4011 καὶ
329 3953 413 4017 αὐτὸς
430 3954 541 4017 κύκλους
559 3960 654 4027 ἔγραψε
673 3957 819 4026 Περοιμδος
837 3961 861 4022 β.
880 3957 943 4007 δέκα
961 3955 1004 4005 καὶ
1023 3955 1059 4012 εἰς
1071 3947 1174 4022 Εὐμενῆ

116 4047 161 4098 καὶ
174 4042 317 4102 Ἄτταλον.
402 4027 459 4110 ho)
477 4048 537 4096 Non
557 4043 760 4095 confundendus
778 4045 822 4092 est
840 4053 900 4091 curn
919 4043 1050 4108 Musaeo,
1069 4039 1114 4104 qui
1132 4044 1175 4092 est

117 4147 160 4197 sp.
179 4133 302 4185 Martini.
320 4133 382 4198 xil,
401 4129 427 4182 6.
464 4129 506 4182 ct.
526 4133 643 4184 Schoell.
668 4132 716 4184 Gr.
734 4127 799 4180 Litt.
819 4129 917 4180 deson.
955 4205 973 4245 ῆι
