2916 4722
303 251 315 279 '
1130 264 1176 334 as

117 435 151 495 in
176 429 282 496 insola
305 430 392 498 Delo
410 433 466 512 13).
513 435 659 515 Accedit,
688 437 776 523 quod
799 440 880 526 Opis
902 463 1019 508 nomen
1043 447 1075 511 iu
1099 451 1177 512 auti-

116 537 269 620 quissima
293 538 386 632 etiam
409 536 562 618 Italorum
591 539 749 628 religione
779 546 951 624 iuvenitur,
976 570 1056 632 quae
1081 573 1177 636 quan-

114 649 234 724 topere
258 661 327 703 cum
342 639 486 727 Pelasgis
511 663 653 708 connexa
676 648 725 724 sit,
748 649 944 712 notissimum
968 661 1024 714 est.
1070 653 1175 739 Opem

115 745 210 835 euim,
235 764 326 828 quam
350 751 507 829 tamquam
537 757 640 812 terrae
671 771 708 812 ac
737 748 905 814 fertilitatis
927 752 1029 816 Deam
1052 756 1175 822 veteres

114 845 229 908 Italiae
257 844 371 932 populi
400 846 566 929 colebant,
598 851 730 916 eandem
751 868 832 916 *esse
859 875 896 917 ac
921 866 1061 922 nostram
1086 859 1175 945 Opiu
1220 919 1224 928 .

115 948 262 1012 dubitari
280 953 331 1014 vix
359 959 467 1035 potest
482 953 539 1032 ¹⁴).
593 954 719 1018 Priscae
750 957 847 1042 igitur
875 957 968 1044 hujus
990 960 1175 1049 Pelasgicae

113 1053 208 1117 Deae
231 1061 324 1138 pater
337 1053 419 1139 Upis
436 1053 577 1134 traditur,
600 1066 700 1120 mater
716 1056 839 1122 Glauce
855 1060 912 1139 ¹⁵),
935 1083 1015 1145 quae
1038 1068 1174 1145 uomina,

114 1165 317 1242 quantopere
340 1177 419 1234 eum,
443 1179 534 1241 quem
558 1180 651 1244 supra
666 1161 759 1225 Deae
774 1170 903 1226 nostrae
926 1185 1053 1230 sensum
1076 1169 1174 1233 fuisse

115 1257 261 1338 diximus,
284 1259 481 1339 confirment,
504 1261 597 1326 facile
613 1273 751 1350 apparet.
792 1264 962 1351 Quotquot
978 1271 1059 1332 euim
1076 1269 1174 1334 Glau-

114 1383 168 1426 ces
191 1365 331 1428 nominis
353 1367 386 1434 iu
413 1367 559 1430 universa
583 1365 779 1432 Graecorum
808 1367 1008 1458 mythologie
1039 1375 1173 1458 vestigia

113 1469 336 1546 inveniuntur,
364 1489 401 1532 ea
431 1470 537 1532 omnia
566 1468 607 1532 ad
638 1493 724 1534 mare
752 1481 784 1535 et
813 1493 923 1557 aquam
947 1483 1092 1558 spectant
1109 1475 1172 1554 16);

114 1572 165 1634 cui
189 1572 216 1633 si
240 1569 369 1655 adjicias
391 1573 424 1634 io
444 1573 526 1658 Upis
549 1576 647 1658 patris
671 1577 799 1638 nomine
822 1583 924 1640 terrae
946 1580 1114 1642 notionem
1128 1577 1159 1641 la

114 1682 183 1737 tere
201 1675 261 1754 ¹⁷),
284 1675 318 1738 in
340 1673 407 1738 filia
430 1675 511 1760 Upi,
538 1679 654 1762 quippe
678 1699 758 1763 quae
780 1681 878 1763 patris
902 1689 934 1744 et
955 1683 1061 1744 matris
1083 1690 1172 1746 natu-

112 1921 182 1971 illud
204 1923 364 1985 usurpatum
388 1923 495 1992 vlqetur
518 1917 626 1990 (schol.
648 1929 738 1990 apoll.
762 1929 847 1979 lllol.
871 1931 898 1995 l,
923 1945 949 1981 v.
972 1929 1024 1982 972
1047 1925 1170 1998 οὔπιγγοι

115 2004 190 2076 παρὰ
210 2007 368 2076 Τροιζηνίοις
385 2010 421 2068 εὶς
434 2003 558 2080 ’Ἄρτεμιν
586 2006 693 2080 ὕμνος),
715 2013 803 2077 ipsam
825 2027 931 2082 quoque
954 2015 1023 2080 Upln
1049 2017 1169 2081 antiqui-

113 2096 159 2143 tus
179 2095 279 2144 cultam
297 2095 384 2146 fuisse
403 2092 518 2160 conjeci.
603 2093 653 2160 ll)
672 2099 828 2162 Palaephat.
847 2102 952 2152 lncred.
971 2103 1088 2169 xxxu,
1107 2101 1124 2152 6
1142 2117 1168 2165 p.

113 2175 165 2230 137
185 2175 246 2242 (ed.
266 2175 394 2246 Fischer)
430 2181 549 2233 Καλοῦσι
567 2181 594 2232 te
613 2219 619 2232 .
639 2219 644 2232 .
665 2220 671 2233 .
691 2220 698 2235 .
717 2178 903 2254 τὴνἎρτεμιν
920 2187 1167 2256 &pusterulenses

113 2265 217 2334 Κρητὲς
240 2265 268 2316 δὲ
290 2264 433 2328 Δίκτυναν,
456 2261 666 2342 Λακεδαιμόνιοι
682 2269 709 2318 tl
726 2261 817 2320 Οὗιιιι.
855 2270 897 2320 cf.
923 2285 990 2333 quos
1008 2273 1101 2321 laudat
1119 2272 1168 2320 lli-

112 2353 192 2401 soher
211 2351 245 2402 ad
263 2353 283 2401 1.
301 2353 320 2402 l
340 2355 432 2405 oleat.
450 2354 484 2402 ad
502 2352 660 2402 Philostrat.
679 2367 705 2414 p.
724 2351 786 2403 370.
804 2377 841 2388 -
858 2353 982 2421 Ursinus,
994 2355 1093 2420 virgil.
1107 2369 1167 2407 eum

113 2438 214 2488 Graec.
233 2437 339 2499 seriptt.
363 2422 483 2490 collad
500 2439 554 2504 XI,
579 2435 640 2488 532.
684 2440 744 2488 Duo
768 2438 839 2490 euim
862 2439 1003 2490 laconicae
1024 2441 1168 2506 religionis

112 2524 250 2574 elementa
273 2528 366 2590 erant,
390 2526 507 2576 alterum
528 2524 715 2591 Pelasgicum,
738 2537 842 2593 eorum,
862 2538 930 2589 quos
948 2525 1096 2578 Dorienses
1115 2527 1168 2580 sibi

111 2606 300 2674 subjecerunt,
319 2611 433 2661 alterum
452 2609 589 2662 Doricum.
667 2607 718 2674 12)
737 2612 804 2662 {lale
823 2611 885 2674 quid
902 2611 994 2664 inesse
1012 2613 1168 2676 suspicatus

111 2709 170 2746 sum
189 2695 218 2746 iu
237 2695 286 2746 illo
303 2697 366 2748 loco
384 2696 517 2748 Macrobii
536 2692 580 2763 (l,
601 2695 635 2748 10
653 2711 677 2760 p.
697 2693 767 2762 243)
785 2697 984 2765 „Philochorus
1003 2703 1120 2750 flatuum
1140 2704 1168 2752 et

114 2782 166 2845 Opi
186 2781 300 2846 primum
320 2783 348 2833 lu
366 2783 458 2834 Attica
476 2783 607 2836 statuisse
625 2795 700 2834 aram
719 2781 869 2845 cecropem
886 2778 981 2836 uicit“.
1018 2783 1059 2836 Cf.
1076 2789 1168 2835 tamen

112 2870 236 2918 Gerhard
254 2869 393 2918 Prodrom.
413 2869 435 2935 1,
455 2882 481 2918 n.
501 2867 544 2919 76.
636 2864 686 2934 13)
704 2870 842 2926 Deliorum
860 2866 933 2922 filiae
952 2869 1003 2933 opi
1022 2871 1097 2922 Deae
1116 2885 1166 2922 oo-

112 2969 170 3006 mas
188 2959 354 3006 consecrant
370 2956 451 3006 Paus.
470 2956 492 3021 1,
511 2953 556 3020 43,
575 2954 601 3006 2.
637 2959 673 3024 V,
692 2954 724 3022 7,
743 2955 769 3005 4.
804 2957 936 3024 Heclv,
954 2955 998 3007 35.
1016 2959 1166 3008 -Delum

112 3045 204 3092 autem
224 3054 321 3090 nomen
345 3040 412 3090 illud
431 3042 464 3091 ab
482 3041 592 3100 Ionibus
611 3044 729 3092 delatum
747 3041 864 3105 videtur,
878 3042 927 3104 ‘qui
945 3042 1061 3092 insulam
1080 3055 1166 3091 occu-

113 3130 214 3190 parunt
232 3127 269 3176 ci.
287 3129 378 3176 Herm.
396 3128 471 3176 Antt.
492 3119 517 3190 ᾗ.
537 3124 586 3192 77,
605 3123 623 3174 4
641 3141 667 3187 p.
688 3124 747 3176 166.
768 3124 828 3174 167.
919 3121 969 3186 14)
990 3125 1111 3200 Οιειιιει
1128 3127 1164 3191 Il,

111 3227 137 3276 p.
153 3211 216 3281 121,
236 3213 317 3264 aliter
335 3210 486 3264 Sohweuck
498 3212 566 3260 And.
584 3225 611 3273 p.
622 3209 681 3260 116.
692 3237 725 3247 --
736 3210 802 3272 Opis
820 3210 913 3260 eedem
932 3218 994 3275 vox,
1014 3223 1082 3272 quae
1100 3211 1166 3271 Upis

111 3300 232 3351 dialecto
251 3298 352 3348 dorica.
390 3297 431 3348 cf.
456 3299 576 3349 Gerhard
595 3298 781 3348 Slamrutalelc
805 3295 991 3359 pelasgischer
1016 3297 1165 3358 Gottersy-

111 3389 200 3437 sterne
218 3381 367 3448 (Prodrom
385 3399 411 3446 p.
433 3381 560 3450 115,111,
580 3378 640 3449 45).
730 3377 781 3446 15)
801 3380 910 3432 Tertiae
929 3377 1067 3446 (Dianae)
1087 3386 1165 3443 pater

109 3473 175 3536 Upis
195 3471 322 3535 traditur,
341 3474 429 3520 mater
442 3471 554 3522 Glauce.
574 3468 631 3520 (lic.
643 3462 705 3520 Nat.
717 3471 800 3520 Deor.
813 3469 861 3534 lll,
874 3466 918 3518 23.
993 3465 1044 3528 16)
1062 3469 1165 3519 Glauce

112 3556 136 3608 1.
154 3560 256 3610 Nereis
275 3561 318 3607 est
336 3560 415 3607 llom.
433 3557 465 3608 ll.
483 3558 584 3625 xvrll,
603 3554 647 3606 39.
665 3580 702 3592 -
719 3555 744 3606 2.
782 3553 915 3606 Cenclrrei
933 3553 1007 3606 fluvii
1025 3549 1082 3606 filie
1096 3555 1165 3606 llio-

74 3677 78 3684 .
111 3645 168 3694 dor.
187 3645 238 3711 Ν,
259 3640 293 3694 72
317 3637 371 3706 (cl.
389 3643 506 3694 Pausau.
524 3644 562 3709 ll,
579 3641 606 3708 2,
624 3637 668 3707 3).
680 3669 710 3680 -
722 3639 748 3692 3.
761 3642 876 3692 Glaucia
888 3641 1045 3692 Scamandri
1064 3644 1092 3692 et
1109 3637 1166 3692 filie

111 3732 266 3793 appellatur
284 3732 313 3778 et
330 3733 416 3780 meter
435 3729 505 3779 Plut.
525 3731 576 3790 Qu.
596 3731 643 3780 Gr.
661 3729 732 3780 xul.
759 3755 790 3766 -
818 3724 844 3778 4.
864 3729 1049 3780 61ιιιιοοιιοιιιθ
1067 3729 1165 3776 Nereis

109 3820 151 3866 est
169 3815 282 3866 Hesiod.
302 3817 404 3879 Theog.
422 3813 483 3866 256.
502 3839 537 3850 -
556 3815 581 3864 5.
601 3817 722 3866 Glaucus
740 3815 814 3864 Deus
832 3813 953 3872 marinus
969 3814 1059 3875 Apoll.
1078 3813 1163 3862 Rhod.
1251 3850 1252 3854 ,

110 3903 175 3966 Arg.
199 3903 227 3968 l,
254 3897 324 3950 1311)
347 3896 482 3964 (Neptuni
505 3897 592 3964 filium
619 3899 743 3952 Pontius.
766 3901 862 3950 Athen.
887 3899 954 3964 vll,
978 3894 1056 3962 296).
1079 3921 1115 3932 -
1138 3895 1164 3948 6.
1241 3957 1248 3968 μ

111 3989 214 4040 Glauce
232 3989 352 4050 nympha
369 3986 483 4050 (leuique
502 3990 545 4038 est
562 3986 695 4038 moadiae
707 3971 788 4038 Palus.
802 3987 875 4052 vlu,
888 3981 932 4051 47,
945 3985 972 4036 2.
1044 3979 1094 4050 17)
1111 3987 1165 4036 Se-

111 4076 219 4126 tumum
238 4078 267 4125 et
286 4074 370 4138 Opem
387 4074 471 4126 Deam
490 4073 651 4143 „nonnullis
673 4073 780 4126 coelum
798 4085 832 4124 ae
850 4074 949 4124 terrem
968 4084 1031 4124 esse
1049 4083 1165 4134 persue-

943 4157 963 4216 6
