<?xml version="1.0" encoding="UTF-8"?>
<!DOCTYPE html PUBLIC "-//W3C//DTD XHTML 1.0 Transitional//EN"
    "http://www.w3.org/TR/xhtml1/DTD/xhtml1-transitional.dtd">
<html xmlns="http://www.w3.org/1999/xhtml" xml:lang="en" lang="en">
 <head>
  <title>
</title>
<meta http-equiv="Content-Type" content="text/html;charset=utf-8" />
  <meta name='ocr-system' content='tesseract 3.04.00' />
  <meta name='ocr-capabilities' content='ocr_page ocr_carea ocr_par ocr_line ocrx_word'/>
</head>
<body>
  <div class='ocr_page' id='page_1' title='image "./ephesiaca00guhlgoog_0141.png"; bbox 0 0 2916 4722; ppageno 0'>
   <div class='ocr_carea' id='block_1_1' title="bbox 256 278 327 350">
    <p class='ocr_par' dir='ltr' id='par_1_1' title="bbox 256 278 327 350">
     <span class='ocr_line' id='line_1_1' title="bbox 256 278 327 350; baseline 0.028 -2"><span class='ocrx_word' id='word_1_1' title='bbox 256 278 327 350; x_wconf 81' lang='lat'><strong>120</strong></span> 
     </span>
    </p>
   </div>
   <div class='ocr_carea' id='block_1_2' title="bbox 252 461 1379 1893">
    <p class='ocr_par' dir='ltr' id='par_1_2' title="bbox 254 461 1312 654">
     <span class='ocr_line' id='line_1_2' title="bbox 255 461 1312 550; baseline 0.002 -24"><span class='ocrx_word' id='word_1_2' title='bbox 255 465 483 542; x_wconf 81' lang='lat' dir='ltr'><strong>narrationem,</strong></span> <span class='ocrx_word' id='word_1_3' title='bbox 512 484 573 548; x_wconf 93' lang='lat' dir='ltr'><strong>qua</strong></span> <span class='ocrx_word' id='word_1_4' title='bbox 597 461 715 548; x_wconf 85' lang='lat' dir='ltr'>Apollo</span> <span class='ocrx_word' id='word_1_5' title='bbox 747 472 777 526; x_wconf 87' lang='lat' dir='ltr'><strong>ct</strong></span> <span class='ocrx_word' id='word_1_6' title='bbox 800 462 905 526; x_wconf 88' lang='lat' dir='ltr'><strong>Diana</strong></span> <span class='ocrx_word' id='word_1_7' title='bbox 928 461 1014 528; x_wconf 91' lang='lat' dir='ltr'><strong>Delo</strong></span> <span class='ocrx_word' id='word_1_8' title='bbox 1041 465 1141 550; x_wconf 82' lang='lat' dir='ltr'><strong>geniti</strong></span> <span class='ocrx_word' id='word_1_9' title='bbox 1165 461 1312 530; x_wconf 82' lang='lat' dir='ltr'><strong>[ereban-</strong></span> 
     </span>
     <span class='ocr_line' id='line_1_3' title="bbox 254 565 1200 654; baseline 0.003 -23"><span class='ocrx_word' id='word_1_10' title='bbox 254 576 313 647; x_wconf 91' lang='lat' dir='ltr'><strong>tur‚</strong></span> <span class='ocrx_word' id='word_1_11' title='bbox 337 576 493 653; x_wconf 81' lang='lat' dir='ltr'><strong>tamquam</strong></span> <span class='ocrx_word' id='word_1_12' title='bbox 516 567 606 630; x_wconf 91' lang='lat' dir='ltr'><strong>nimis</strong></span> <span class='ocrx_word' id='word_1_13' title='bbox 629 565 794 654; x_wconf 84' lang='lat' dir='ltr'><strong>vulgarem</strong></span> <span class='ocrx_word' id='word_1_14' title='bbox 818 587 948 653; x_wconf 91' lang='lat' dir='ltr'><strong>prorsus</strong></span> <span class='ocrx_word' id='word_1_15' title='bbox 971 567 1140 652; x_wconf 85' lang='lat' dir='ltr'><strong>rejicerent</strong></span> <span class='ocrx_word' id='word_1_16' title='bbox 1156 569 1200 650; x_wconf 68' lang='grc'><strong>4).</strong></span> 
     </span>
    </p>

    <p class='ocr_par' dir='ltr' id='par_1_3' title="bbox 253 669 1379 1576">
     <span class='ocr_line' id='line_1_4' title="bbox 341 669 1311 754; baseline -0.001 -19"><span class='ocrx_word' id='word_1_17' title='bbox 341 669 604 753; x_wconf 84' lang='lat' dir='ltr'><strong>Recouditiorem</strong></span> <span class='ocrx_word' id='word_1_18' title='bbox 627 678 731 734; x_wconf 90' lang='lat' dir='ltr'><strong>autem</strong></span> <span class='ocrx_word' id='word_1_19' title='bbox 754 671 899 734; x_wconf 78' lang='lat' dir='ltr'><strong>Latonae</strong></span> <span class='ocrx_word' id='word_1_20' title='bbox 921 678 1063 734; x_wconf 89' lang='lat' dir='ltr'><strong>naturam</strong></span> <span class='ocrx_word' id='word_1_21' title='bbox 1087 678 1182 754; x_wconf 90' lang='lat' dir='ltr'><strong>atque</strong></span> <span class='ocrx_word' id='word_1_22' title='bbox 1204 673 1311 734; x_wconf 89' lang='lat' dir='ltr'><strong>notio-</strong></span> 
     </span>
     <span class='ocr_line' id='line_1_5' title="bbox 254 772 1379 859; baseline 0.002 -21"><span class='ocrx_word' id='word_1_23' title='bbox 254 795 336 852; x_wconf 85' lang='lat' dir='ltr'><strong>nem,</strong></span> <span class='ocrx_word' id='word_1_24' title='bbox 359 796 420 859; x_wconf 91' lang='lat' dir='ltr'><strong>qua</strong></span> <span class='ocrx_word' id='word_1_25' title='bbox 442 776 545 838; x_wconf 90' lang='lat' dir='ltr'><strong>noctis</strong></span> <span class='ocrx_word' id='word_1_26' title='bbox 569 775 657 859; x_wconf 92' lang='lat' dir='ltr'><strong>quasi</strong></span> <span class='ocrx_word' id='word_1_27' title='bbox 680 783 775 859; x_wconf 89' lang='lat' dir='ltr'><strong>atque</strong></span> <span class='ocrx_word' id='word_1_28' title='bbox 791 773 991 838; x_wconf 89' lang='lat' dir='ltr'><strong>tenebrarum</strong></span> <span class='ocrx_word' id='word_1_29' title='bbox 1014 772 1073 838; x_wconf 90' lang='lat' dir='ltr'><strong>snb</strong></span> <span class='ocrx_word' id='word_1_30' title='bbox 1097 782 1180 858; x_wconf 85' lang='lat' dir='ltr'><strong>terra</strong></span> <span class='ocrx_word' id='word_1_31' title='bbox 1204 773 1313 840; x_wconf 91' lang='lat' dir='ltr'><strong>occul-</strong></span> <span class='ocrx_word' id='word_1_32' title='bbox 1375 787 1379 798; x_wconf 90' lang='lat'>&#39;</span> 
     </span>
     <span class='ocr_line' id='line_1_6' title="bbox 255 876 1313 962; baseline -0.002 -20"><span class='ocrx_word' id='word_1_33' title='bbox 255 889 355 942; x_wconf 92' lang='lat' dir='ltr'><strong>tarum</strong></span> <span class='ocrx_word' id='word_1_34' title='bbox 378 878 479 942; x_wconf 89' lang='lat' dir='ltr'><strong>Deam</strong></span> <span class='ocrx_word' id='word_1_35' title='bbox 503 899 537 941; x_wconf 87' lang='lat' dir='ltr'><strong>se</strong></span> <span class='ocrx_word' id='word_1_36' title='bbox 560 876 692 962; x_wconf 89' lang='lat' dir='ltr'><strong>praebet</strong></span> <span class='ocrx_word' id='word_1_37' title='bbox 708 879 756 957; x_wconf 82' lang='lat'><strong>⁵),</strong></span> <span class='ocrx_word' id='word_1_38' title='bbox 786 879 811 941; x_wconf 90' lang='lat' dir='ltr'><strong>si</strong></span> <span class='ocrx_word' id='word_1_39' title='bbox 842 879 911 962; x_wconf 91' lang='lat' dir='ltr'><strong>quis</strong></span> <span class='ocrx_word' id='word_1_40' title='bbox 934 886 1020 942; x_wconf 90' lang='lat' dir='ltr'><strong>recte</strong></span> <span class='ocrx_word' id='word_1_41' title='bbox 1042 880 1253 962; x_wconf 82' lang='lat' dir='ltr'><strong>perspexerit,</strong></span> <span class='ocrx_word' id='word_1_42' title='bbox 1275 876 1313 942; x_wconf 94' lang='lat' dir='ltr'><strong>il-</strong></span> 
     </span>
     <span class='ocr_line' id='line_1_7' title="bbox 253 978 1312 1067; baseline 0 -23"><span class='ocrx_word' id='word_1_43' title='bbox 253 981 319 1046; x_wconf 92' lang='lat' dir='ltr'><strong>lum</strong></span> <span class='ocrx_word' id='word_1_44' title='bbox 341 985 393 1046; x_wconf 83' lang='lat' dir='ltr'><strong>vix</strong></span> <span class='ocrx_word' id='word_1_45' title='bbox 416 979 565 1067; x_wconf 84' lang='lat' dir='ltr'><strong>effugerit</strong></span> <span class='ocrx_word' id='word_1_46' title='bbox 587 978 760 1046; x_wconf 89' lang='lat' dir='ltr'><strong>similitudo</strong></span> <span class='ocrx_word' id='word_1_47' title='bbox 783 979 937 1066; x_wconf 83' lang='lat' dir='ltr'><strong>quaedam</strong></span> <span class='ocrx_word' id='word_1_48' title='bbox 960 990 1055 1066; x_wconf 88' lang='lat' dir='ltr'><strong>atque</strong></span> <span class='ocrx_word' id='word_1_49' title='bbox 1077 981 1238 1044; x_wconf 89' lang='lat' dir='ltr'><strong>interioris</strong></span> <span class='ocrx_word' id='word_1_50' title='bbox 1259 1001 1312 1044; x_wconf 93' lang='lat' dir='ltr'><strong>co-</strong></span> 
     </span>
     <span class='ocr_line' id='line_1_8' title="bbox 253 1084 1313 1172; baseline -0.002 -24"><span class='ocrx_word' id='word_1_51' title='bbox 253 1087 415 1172; x_wconf 82' lang='lat' dir='ltr'><strong>gnationis</strong></span> <span class='ocrx_word' id='word_1_52' title='bbox 438 1104 551 1162; x_wconf 78' lang='lat' dir='ltr'><strong>nenne,</strong></span> <span class='ocrx_word' id='word_1_53' title='bbox 581 1086 635 1168; x_wconf 90' lang='lat' dir='ltr'><strong>qni</strong></span> <span class='ocrx_word' id='word_1_54' title='bbox 661 1084 745 1148; x_wconf 91' lang='lat' dir='ltr'><strong>inter</strong></span> <span class='ocrx_word' id='word_1_55' title='bbox 767 1085 921 1148; x_wconf 89' lang='lat' dir='ltr'><strong>Latonam</strong></span> <span class='ocrx_word' id='word_1_56' title='bbox 946 1093 978 1148; x_wconf 90' lang='lat' dir='ltr'><strong>et</strong></span> <span class='ocrx_word' id='word_1_57' title='bbox 999 1084 1137 1148; x_wconf 86' lang='lat' dir='ltr'><strong>Noctem</strong></span> <span class='ocrx_word' id='word_1_58' title='bbox 1159 1085 1313 1148; x_wconf 87' lang='lat' dir='ltr'><strong>interces-</strong></span> 
     </span>
     <span class='ocr_line' id='line_1_9' title="bbox 253 1185 1313 1273; baseline 0 -22"><span class='ocrx_word' id='word_1_59' title='bbox 253 1191 302 1252; x_wconf 85' lang='lat' dir='ltr'><strong>sit.</strong></span> <span class='ocrx_word' id='word_1_60' title='bbox 348 1189 439 1253; x_wconf 87' lang='lat' dir='ltr'><strong>Hanc</strong></span> <span class='ocrx_word' id='word_1_61' title='bbox 461 1207 540 1251; x_wconf 89' lang='lat' dir='ltr'><strong>vero</strong></span> <span class='ocrx_word' id='word_1_62' title='bbox 564 1187 683 1273; x_wconf 85' lang='lat' dir='ltr'><strong>Ephesi</strong></span> <span class='ocrx_word' id='word_1_63' title='bbox 712 1185 827 1250; x_wconf 88' lang='lat' dir='ltr'><strong>cultam</strong></span> <span class='ocrx_word' id='word_1_64' title='bbox 858 1197 890 1250; x_wconf 91' lang='lat' dir='ltr'><strong>et</strong></span> <span class='ocrx_word' id='word_1_65' title='bbox 919 1185 959 1250; x_wconf 89' lang='lat' dir='ltr'><strong>ab</strong></span> <span class='ocrx_word' id='word_1_66' title='bbox 989 1188 1212 1271; x_wconf 87' lang='lat' dir='ltr'><strong>antiquissimis</strong></span> <span class='ocrx_word' id='word_1_67' title='bbox 1235 1185 1313 1252; x_wconf 90' lang='lat' dir='ltr'><strong>inde</strong></span> 
     </span>
     <span class='ocr_line' id='line_1_10' title="bbox 254 1281 1312 1377; baseline -0.002 -23"><span class='ocrx_word' id='word_1_68' title='bbox 254 1281 449 1377; x_wconf 85' lang='lat' dir='ltr'><strong>temporibus</strong></span> <span class='ocrx_word' id='word_1_69' title='bbox 472 1312 542 1354; x_wconf 91' lang='lat' dir='ltr'><strong>cum</strong></span> <span class='ocrx_word' id='word_1_70' title='bbox 565 1292 634 1376; x_wconf 89' lang='lat' dir='ltr'><strong>ipsa</strong></span> <span class='ocrx_word' id='word_1_71' title='bbox 650 1289 721 1354; x_wconf 85' lang='lat' dir='ltr'><strong>Dea</strong></span> <span class='ocrx_word' id='word_1_72' title='bbox 737 1289 875 1376; x_wconf 88' lang='lat' dir='ltr'><strong>Ephesia</strong></span> <span class='ocrx_word' id='word_1_73' title='bbox 898 1293 1107 1374; x_wconf 88' lang='lat' dir='ltr'><strong>compositam</strong></span> <span class='ocrx_word' id='word_1_74' title='bbox 1130 1289 1238 1369; x_wconf 84' lang='lat' dir='ltr'><strong>luisse,</strong></span> <span class='ocrx_word' id='word_1_75' title='bbox 1258 1289 1312 1354; x_wconf 89' lang='lat' dir='ltr'><strong>vel</strong></span> 
     </span>
     <span class='ocr_line' id='line_1_11' title="bbox 253 1391 1309 1482; baseline -0.002 -24"><span class='ocrx_word' id='word_1_76' title='bbox 253 1393 328 1458; x_wconf 92' lang='lat' dir='ltr'><strong>inde</strong></span> <span class='ocrx_word' id='word_1_77' title='bbox 345 1394 454 1482; x_wconf 83' lang='lat' dir='ltr'><strong>colligi</strong></span> <span class='ocrx_word' id='word_1_78' title='bbox 474 1402 590 1478; x_wconf 89' lang='lat' dir='ltr'><strong>potest,</strong></span> <span class='ocrx_word' id='word_1_79' title='bbox 614 1391 700 1477; x_wconf 90' lang='lat' dir='ltr'><strong>quod</strong></span> <span class='ocrx_word' id='word_1_80' title='bbox 716 1401 819 1458; x_wconf 87' lang='lat' dir='ltr'><strong>statua</strong></span> <span class='ocrx_word' id='word_1_81' title='bbox 836 1394 911 1478; x_wconf 74' lang='lat' dir='ltr'><strong>ejus,</strong></span> <span class='ocrx_word' id='word_1_82' title='bbox 935 1392 1059 1458; x_wconf 87' lang='lat' dir='ltr'><strong>Rhoeci</strong></span> <span class='ocrx_word' id='word_1_83' title='bbox 1075 1413 1165 1479; x_wconf 87' lang='lat' dir='ltr'><strong>opus,</strong></span> <span class='ocrx_word' id='word_1_84' title='bbox 1184 1395 1218 1456; x_wconf 91' lang='lat' dir='ltr'><strong>in</strong></span> <span class='ocrx_word' id='word_1_85' title='bbox 1237 1395 1309 1479; x_wconf 90' lang='lat' dir='ltr'><strong>ipso</strong></span> 
     </span>
     <span class='ocr_line' id='line_1_12' title="bbox 254 1497 697 1576; baseline -0.005 -14"><span class='ocrx_word' id='word_1_86' title='bbox 254 1498 421 1563; x_wconf 89' lang='lat' dir='ltr'><strong>Artemisio</strong></span> <span class='ocrx_word' id='word_1_87' title='bbox 446 1497 549 1561; x_wconf 87' lang='lat' dir='ltr'><strong>dicata</strong></span> <span class='ocrx_word' id='word_1_88' title='bbox 573 1507 640 1562; x_wconf 89' lang='lat' dir='ltr'><strong>erat</strong></span> <span class='ocrx_word' id='word_1_89' title='bbox 656 1497 697 1576; x_wconf 79' lang='lat'><strong>⁶)·</strong></span> 
     </span>
    </p>

    <p class='ocr_par' dir='ltr' id='par_1_4' title="bbox 252 1597 1311 1893">
     <span class='ocr_line' id='line_1_13' title="bbox 341 1597 1310 1684; baseline 0 -18"><span class='ocrx_word' id='word_1_90' title='bbox 341 1604 465 1668; x_wconf 88' lang='lat' dir='ltr'><strong>Latona</strong></span> <span class='ocrx_word' id='word_1_91' title='bbox 488 1603 521 1663; x_wconf 91' lang='lat' dir='ltr'><strong>in</strong></span> <span class='ocrx_word' id='word_1_92' title='bbox 544 1603 646 1665; x_wconf 89' lang='lat' dir='ltr'><strong>nuruis</strong></span> <span class='ocrx_word' id='word_1_93' title='bbox 670 1601 871 1684; x_wconf 86' lang='lat' dir='ltr'><strong>conspicitur,</strong></span> <span class='ocrx_word' id='word_1_94' title='bbox 895 1597 1101 1683; x_wconf 90' lang='lat' dir='ltr'><strong>Appollinem</strong></span> <span class='ocrx_word' id='word_1_95' title='bbox 1125 1611 1157 1664; x_wconf 88' lang='lat' dir='ltr'><strong>et</strong></span> <span class='ocrx_word' id='word_1_96' title='bbox 1171 1600 1310 1666; x_wconf 87' lang='lat' dir='ltr'><strong>Dianam</strong></span> 
     </span>
     <span class='ocr_line' id='line_1_14' title="bbox 252 1695 1311 1792; baseline 0.002 -24"><span class='ocrx_word' id='word_1_97' title='bbox 252 1708 285 1768; x_wconf 91' lang='lat' dir='ltr'><strong>in</strong></span> <span class='ocrx_word' id='word_1_98' title='bbox 309 1703 392 1768; x_wconf 90' lang='lat' dir='ltr'><strong>ulnis</strong></span> <span class='ocrx_word' id='word_1_99' title='bbox 415 1715 544 1792; x_wconf 85' lang='lat' dir='ltr'><strong>gestans</strong></span> <span class='ocrx_word' id='word_1_100' title='bbox 561 1706 609 1782; x_wconf 83' lang='lat'><strong>⁷);</strong></span> <span class='ocrx_word' id='word_1_101' title='bbox 633 1713 665 1769; x_wconf 90' lang='lat' dir='ltr'><strong>et</strong></span> <span class='ocrx_word' id='word_1_102' title='bbox 687 1703 728 1768; x_wconf 88' lang='lat' dir='ltr'><strong>ad</strong></span> <span class='ocrx_word' id='word_1_103' title='bbox 751 1724 819 1768; x_wconf 88' lang='lat' dir='ltr'><strong>earn</strong></span> <span class='ocrx_word' id='word_1_104' title='bbox 842 1695 979 1787; x_wconf 72' lang='lat' dir='ltr'><strong>spectat,</strong></span> <span class='ocrx_word' id='word_1_105' title='bbox 1009 1724 1089 1787; x_wconf 90' lang='lat' dir='ltr'><strong>quae</strong></span> <span class='ocrx_word' id='word_1_106' title='bbox 1112 1705 1145 1768; x_wconf 92' lang='lat' dir='ltr'><strong>in</strong></span> <span class='ocrx_word' id='word_1_107' title='bbox 1167 1703 1311 1790; x_wconf 87' lang='lat' dir='ltr'><strong>plurimis</strong></span> 
     </span>
     <span class='ocr_line' id='line_1_15' title="bbox 252 1805 1280 1893; baseline -0.001 -20"><span class='ocrx_word' id='word_1_108' title='bbox 252 1811 354 1874; x_wconf 87' lang='lat' dir='ltr'><strong>nornis</strong></span> <span class='ocrx_word' id='word_1_109' title='bbox 380 1807 542 1872; x_wconf 72' lang='lat' dir='ltr'><strong>exhibetur</strong></span> <span class='ocrx_word' id='word_1_110' title='bbox 564 1807 675 1893; x_wconf 92' lang='lat' dir='ltr'><strong>palma,</strong></span> <span class='ocrx_word' id='word_1_111' title='bbox 698 1829 822 1892; x_wconf 88' lang='lat' dir='ltr'><strong>semper</strong></span> <span class='ocrx_word' id='word_1_112' title='bbox 845 1805 911 1872; x_wconf 87' lang='lat' dir='ltr'><strong>iere</strong></span> <span class='ocrx_word' id='word_1_113' title='bbox 934 1806 1078 1872; x_wconf 88' lang='lat' dir='ltr'><strong>Latonae</strong></span> <span class='ocrx_word' id='word_1_114' title='bbox 1101 1807 1217 1874; x_wconf 87' lang='lat' dir='ltr'><strong>tributa</strong></span> <span class='ocrx_word' id='word_1_115' title='bbox 1235 1809 1280 1890; x_wconf 76' lang='grc'><strong>8).</strong></span> 
     </span>
    </p>
   </div>
   <div class='ocr_carea' id='block_1_3' title="bbox 641 2043 918 2129">
    <p class='ocr_par' dir='ltr' id='par_1_5' title="bbox 641 2043 918 2129">
     <span class='ocr_line' id='line_1_16' title="bbox 641 2043 918 2129; baseline -0.007 -1"><span class='ocrx_word' id='word_1_116' title='bbox 641 2047 689 2128; x_wconf 85' lang='lat' dir='ltr'><strong>ll.</strong></span> <span class='ocrx_word' id='word_1_117' title='bbox 738 2043 918 2129; x_wconf 73' lang='lat' dir='ltr'><strong>uonna.</strong></span> 
     </span>
    </p>
   </div>
   <div class='ocr_carea' id='block_1_4' title="bbox 262 2231 1311 2328">
    <p class='ocr_par' dir='ltr' id='par_1_6' title="bbox 262 2231 1311 2328">
     <span class='ocr_line' id='line_1_17' title="bbox 262 2231 1311 2328; baseline 0.003 -31"><span class='ocrx_word' id='word_1_118' title='bbox 262 2244 266 2259; x_wconf 93' lang='lat'>&#39;</span> <span class='ocrx_word' id='word_1_119' title='bbox 340 2231 577 2319; x_wconf 85' lang='lat' dir='ltr'><strong>Apollinem</strong></span> <span class='ocrx_word' id='word_1_120' title='bbox 593 2233 724 2328; x_wconf 82' lang='lat' dir='ltr'><strong>Ephesii</strong></span> <span class='ocrx_word' id='word_1_121' title='bbox 740 2231 970 2318; x_wconf 81' lang='lat' dir='ltr'><strong>eththium</strong></span> <span class='ocrx_word' id='word_1_122' title='bbox 993 2231 1236 2312; x_wconf 82' lang='lat' dir='ltr'><strong>venerabantur,</strong></span> <span class='ocrx_word' id='word_1_123' title='bbox 1259 2257 1311 2300; x_wconf 90' lang='lat' dir='ltr'><strong>cu·</strong></span> 
     </span>
    </p>
   </div>
   <div class='ocr_carea' id='block_1_5' title="bbox 251 2332 1311 2936">
    <p class='ocr_par' dir='ltr' id='par_1_7' title="bbox 251 2332 1311 2936">
     <span class='ocr_line' id='line_1_18' title="bbox 252 2332 1310 2423; baseline 0.002 -21"><span class='ocrx_word' id='word_1_124' title='bbox 252 2339 301 2421; x_wconf 89' lang='lat' dir='ltr'><strong>jus</strong></span> <span class='ocrx_word' id='word_1_125' title='bbox 318 2335 468 2423; x_wconf 92' lang='lat' dir='ltr'><strong>templum</strong></span> <span class='ocrx_word' id='word_1_126' title='bbox 492 2336 532 2401; x_wconf 90' lang='lat' dir='ltr'><strong>ad</strong></span> <span class='ocrx_word' id='word_1_127' title='bbox 548 2332 676 2423; x_wconf 86' lang='lat' dir='ltr'><strong>portum</strong></span> <span class='ocrx_word' id='word_1_128' title='bbox 696 2339 881 2401; x_wconf 90' lang='lat' dir='ltr'><strong>situm-erat</strong></span> <span class='ocrx_word' id='word_1_129' title='bbox 897 2335 938 2415; x_wconf 81' lang='lat'><strong>⁹),</strong></span> <span class='ocrx_word' id='word_1_130' title='bbox 962 2346 994 2400; x_wconf 87' lang='lat' dir='ltr'><strong>et</strong></span> <span class='ocrx_word' id='word_1_131' title='bbox 1010 2334 1041 2400; x_wconf 88' lang='lat' dir='ltr'>G</span> <span class='ocrx_word' id='word_1_132' title='bbox 1047 2359 1235 2422; x_wconf 84' lang='lat' dir='ltr'><strong>ypaeum‚</strong></span> <span class='ocrx_word' id='word_1_133' title='bbox 1259 2361 1310 2405; x_wconf 93' lang='lat' dir='ltr'><strong>cu·</strong></span> 
     </span>
     <span class='ocr_line' id='line_1_19' title="bbox 251 2439 1310 2528; baseline 0.004 -24"><span class='ocrx_word' id='word_1_134' title='bbox 251 2442 302 2524; x_wconf 86' lang='lat' dir='ltr'><strong>jus</strong></span> <span class='ocrx_word' id='word_1_135' title='bbox 326 2462 380 2504; x_wconf 91' lang='lat' dir='ltr'><strong>ara</strong></span> <span class='ocrx_word' id='word_1_136' title='bbox 402 2443 436 2503; x_wconf 92' lang='lat' dir='ltr'><strong>in</strong></span> <span class='ocrx_word' id='word_1_137' title='bbox 451 2441 556 2524; x_wconf 88' lang='lat' dir='ltr'><strong>Lysso</strong></span> <span class='ocrx_word' id='word_1_138' title='bbox 574 2451 683 2506; x_wconf 91' lang='lat' dir='ltr'><strong>monte</strong></span> <span class='ocrx_word' id='word_1_139' title='bbox 701 2441 757 2519; x_wconf 91' lang='lat'><strong>¹⁰).</strong></span> <span class='ocrx_word' id='word_1_140' title='bbox 803 2439 932 2525; x_wconf 88' lang='lat' dir='ltr'><strong>Gypaei</strong></span> <span class='ocrx_word' id='word_1_141' title='bbox 947 2451 1203 2527; x_wconf 79' lang='lat' dir='ltr'><strong>cognomentum,</strong></span> <span class='ocrx_word' id='word_1_142' title='bbox 1222 2441 1310 2528; x_wconf 88' lang='lat' dir='ltr'><strong>quod</strong></span> 
     </span>
     <span class='ocr_line' id='line_1_20' title="bbox 253 2543 1311 2632; baseline 0.004 -26"><span class='ocrx_word' id='word_1_143' title='bbox 253 2543 398 2628; x_wconf 90' lang='lat' dir='ltr'><strong>Apollini</strong></span> <span class='ocrx_word' id='word_1_144' title='bbox 420 2543 570 2608; x_wconf 91' lang='lat' dir='ltr'><strong>tributum</strong></span> <span class='ocrx_word' id='word_1_145' title='bbox 599 2566 752 2629; x_wconf 90' lang='lat' dir='ltr'><strong>nusquam</strong></span> <span class='ocrx_word' id='word_1_146' title='bbox 776 2551 941 2629; x_wconf 82' lang='lat' dir='ltr'><strong>praeterea</strong></span> <span class='ocrx_word' id='word_1_147' title='bbox 963 2546 1136 2624; x_wconf 89' lang='lat' dir='ltr'><strong>invenitur,</strong></span> <span class='ocrx_word' id='word_1_148' title='bbox 1166 2567 1204 2610; x_wconf 84' lang='lat' dir='ltr'><strong>ex</strong></span> <span class='ocrx_word' id='word_1_149' title='bbox 1227 2567 1311 2632; x_wconf 82' lang='lat' dir='ltr'><strong>sym-</strong></span> 
     </span>
     <span class='ocr_line' id='line_1_21' title="bbox 253 2645 1309 2735; baseline 0.007 -27"><span class='ocrx_word' id='word_1_150' title='bbox 253 2645 358 2708; x_wconf 91' lang='lat' dir='ltr'><strong>bolica</strong></span> <span class='ocrx_word' id='word_1_151' title='bbox 382 2647 537 2729; x_wconf 88' lang='lat' dir='ltr'><strong>accipitris</strong></span> <span class='ocrx_word' id='word_1_152' title='bbox 561 2645 795 2732; x_wconf 80' lang='lat' dir='ltr'><strong>significatione</strong></span> <span class='ocrx_word' id='word_1_153' title='bbox 817 2645 1022 2734; x_wconf 82' lang='lat' dir='ltr'><strong>intelligitur,</strong></span> <span class='ocrx_word' id='word_1_154' title='bbox 1044 2651 1107 2734; x_wconf 91' lang='lat' dir='ltr'><strong>qui,</strong></span> <span class='ocrx_word' id='word_1_155' title='bbox 1130 2671 1225 2734; x_wconf 92' lang='lat' dir='ltr'><strong>quum</strong></span> <span class='ocrx_word' id='word_1_156' title='bbox 1249 2672 1309 2735; x_wconf 89' lang='lat' dir='ltr'><strong>pro</strong></span> 
     </span>
     <span class='ocr_line' id='line_1_22' title="bbox 253 2745 1310 2839; baseline 0.008 -29"><span class='ocrx_word' id='word_1_157' title='bbox 253 2747 333 2812; x_wconf 89' lang='lat' dir='ltr'><strong>lucis</strong></span> <span class='ocrx_word' id='word_1_158' title='bbox 348 2745 498 2832; x_wconf 89' lang='lat' dir='ltr'><strong>symbolo</strong></span> <span class='ocrx_word' id='word_1_159' title='bbox 513 2746 638 2811; x_wconf 90' lang='lat' dir='ltr'><strong>habitus</strong></span> <span class='ocrx_word' id='word_1_160' title='bbox 654 2752 694 2837; x_wconf 81' lang='lat' dir='ltr'><strong>sit</strong></span> <span class='ocrx_word' id='word_1_161' title='bbox 712 2751 767 2829; x_wconf 87' lang='lat'><strong>¹¹),</strong></span> <span class='ocrx_word' id='word_1_162' title='bbox 782 2760 817 2812; x_wconf 91' lang='lat' dir='ltr'><strong>nt</strong></span> <span class='ocrx_word' id='word_1_163' title='bbox 833 2751 911 2814; x_wconf 85' lang='lat' dir='ltr'><strong>Jovi</strong></span> <span class='ocrx_word' id='word_1_164' title='bbox 931 2752 984 2830; x_wconf 84' lang='lat'><strong>¹²),</strong></span> <span class='ocrx_word' id='word_1_165' title='bbox 1007 2755 1053 2816; x_wconf 91' lang='lat' dir='ltr'><strong>sic</strong></span> <span class='ocrx_word' id='word_1_166' title='bbox 1069 2751 1215 2838; x_wconf 85' lang='lat' dir='ltr'><strong>Apollini</strong></span> <span class='ocrx_word' id='word_1_167' title='bbox 1231 2774 1310 2839; x_wconf 93' lang='lat' dir='ltr'><strong>quo-</strong></span> 
     </span>
     <span class='ocr_line' id='line_1_23' title="bbox 253 2849 637 2936; baseline -0.003 -22"><span class='ocrx_word' id='word_1_168' title='bbox 253 2872 315 2934; x_wconf 89' lang='lat' dir='ltr'><strong>que</strong></span> <span class='ocrx_word' id='word_1_169' title='bbox 339 2853 457 2936; x_wconf 91' lang='lat' dir='ltr'><strong>optime</strong></span> <span class='ocrx_word' id='word_1_170' title='bbox 481 2849 637 2914; x_wconf 88' lang='lat' dir='ltr'><strong>tribuitur.</strong></span> 
     </span>
    </p>
   </div>
   <div class='ocr_carea' id='block_1_6' title="bbox 253 3076 1347 3412">
    <p class='ocr_par' dir='ltr' id='par_1_8' title="bbox 253 3076 1347 3412">
     <span class='ocr_line' id='line_1_24' title="bbox 323 3076 1309 3153; baseline 0.008 -21"><span class='ocrx_word' id='word_1_171' title='bbox 323 3076 358 3146; x_wconf 75' lang='lat' dir='ltr'><strong>t)</strong></span> <span class='ocrx_word' id='word_1_172' title='bbox 377 3084 475 3151; x_wconf 86' lang='lat' dir='ltr'><strong>„Non,</strong></span> <span class='ocrx_word' id='word_1_173' title='bbox 500 3089 535 3135; x_wconf 90' lang='lat' dir='ltr'><strong>nt</strong></span> <span class='ocrx_word' id='word_1_174' title='bbox 557 3087 679 3150; x_wconf 78' lang='lat' dir='ltr'><strong>vulgus</strong></span> <span class='ocrx_word' id='word_1_175' title='bbox 703 3086 880 3153; x_wconf 83' lang='lat' dir='ltr'><strong>crederet,</strong></span> <span class='ocrx_word' id='word_1_176' title='bbox 905 3087 1020 3139; x_wconf 84' lang='lat' dir='ltr'><strong>Dianam</strong></span> <span class='ocrx_word' id='word_1_177' title='bbox 1047 3093 1130 3153; x_wconf 81' lang='lat' dir='ltr'><strong>utque</strong></span> <span class='ocrx_word' id='word_1_178' title='bbox 1155 3089 1309 3152; x_wconf 84' lang='lat' dir='ltr'><strong>Apolliuern</strong></span> 
     </span>
     <span class='ocr_line' id='line_1_25' title="bbox 253 3163 1310 3242; baseline 0.009 -25"><span class='ocrx_word' id='word_1_179' title='bbox 253 3168 322 3219; x_wconf 89' lang='lat' dir='ltr'><strong>Delo</strong></span> <span class='ocrx_word' id='word_1_180' title='bbox 340 3163 472 3234; x_wconf 80' lang='lat' dir='ltr'><strong>genitos“</strong></span> <span class='ocrx_word' id='word_1_181' title='bbox 491 3173 556 3224; x_wconf 72' lang='lat' dir='ltr'><strong>Tac.</strong></span> <span class='ocrx_word' id='word_1_182' title='bbox 576 3173 594 3223; x_wconf 94' lang='lat' dir='ltr'><strong>l.</strong></span> <span class='ocrx_word' id='word_1_183' title='bbox 613 3174 632 3224; x_wconf 87' lang='lat'><strong>1.</strong></span> <span class='ocrx_word' id='word_1_184' title='bbox 735 3165 769 3236; x_wconf 93' lang='grc'><strong>5)</strong></span> <span class='ocrx_word' id='word_1_185' title='bbox 787 3173 910 3224; x_wconf 82' lang='lat' dir='ltr'><strong>Eustath.</strong></span> <span class='ocrx_word' id='word_1_186' title='bbox 929 3176 1002 3242; x_wconf 91' lang='lat'><strong>11.1,</strong></span> <span class='ocrx_word' id='word_1_187' title='bbox 1020 3189 1048 3242; x_wconf 88' lang='lat' dir='ltr'><strong>p,</strong></span> <span class='ocrx_word' id='word_1_188' title='bbox 1066 3173 1111 3226; x_wconf 88' lang='grc'><strong>22.</strong></span> <span class='ocrx_word' id='word_1_189' title='bbox 1130 3202 1164 3212; x_wconf 93' lang='grc'><strong>-</strong></span> <span class='ocrx_word' id='word_1_190' title='bbox 1182 3172 1245 3242; x_wconf 87' lang='grc'><strong>989,</strong></span> <span class='ocrx_word' id='word_1_191' title='bbox 1265 3174 1310 3226; x_wconf 91' lang='grc'><strong>52.</strong></span> 
     </span>
     <span class='ocr_line' id='line_1_26' title="bbox 254 3255 1308 3323; baseline 0.004 -16"><span class='ocrx_word' id='word_1_192' title='bbox 254 3275 285 3288; x_wconf 88' lang='grc'><strong>-·</strong></span> <span class='ocrx_word' id='word_1_193' title='bbox 307 3255 406 3318; x_wconf 80' lang='lat' dir='ltr'><strong>odyss.</strong></span> <span class='ocrx_word' id='word_1_194' title='bbox 426 3271 451 3320; x_wconf 87' lang='lat' dir='ltr'><strong>p.</strong></span> <span class='ocrx_word' id='word_1_195' title='bbox 472 3257 539 3323; x_wconf 78' lang='lat'><strong>7223</strong></span> <span class='ocrx_word' id='word_1_196' title='bbox 559 3259 678 3310; x_wconf 79' lang='lat' dir='ltr'><strong>fortasse</strong></span> <span class='ocrx_word' id='word_1_197' title='bbox 697 3260 824 3321; x_wconf 77' lang='lat' dir='ltr'><strong>Sophocl.</strong></span> <span class='ocrx_word' id='word_1_198' title='bbox 843 3261 939 3310; x_wconf 72' lang='lat' dir='ltr'><strong>Tracta.</strong></span> <span class='ocrx_word' id='word_1_199' title='bbox 958 3276 984 3312; x_wconf 89' lang='lat' dir='ltr'><strong>v.</strong></span> <span class='ocrx_word' id='word_1_200' title='bbox 997 3257 1041 3312; x_wconf 86' lang='grc'><strong>95.</strong></span> <span class='ocrx_word' id='word_1_201' title='bbox 1060 3285 1096 3296; x_wconf 98' lang='grc'>-</span> <span class='ocrx_word' id='word_1_202' title='bbox 1114 3262 1230 3312; x_wconf 78' lang='lat' dir='ltr'><strong>Mueller</strong></span> <span class='ocrx_word' id='word_1_203' title='bbox 1242 3262 1308 3313; x_wconf 84' lang='lat' dir='ltr'><strong>Dor.</strong></span> 
     </span>
     <span class='ocr_line' id='line_1_27' title="bbox 253 3339 1347 3412; baseline 0.009 -23"><span class='ocrx_word' id='word_1_204' title='bbox 253 3342 276 3406; x_wconf 86' lang='lat'><strong>1,</strong></span> <span class='ocrx_word' id='word_1_205' title='bbox 295 3356 321 3404; x_wconf 90' lang='lat' dir='ltr'><strong>p.</strong></span> <span class='ocrx_word' id='word_1_206' title='bbox 339 3339 406 3392; x_wconf 78' lang='grc'><strong>310.</strong></span> <span class='ocrx_word' id='word_1_207' title='bbox 420 3366 456 3379; x_wconf 94' lang='grc'><strong>-</strong></span> <span class='ocrx_word' id='word_1_208' title='bbox 475 3346 596 3396; x_wconf 79' lang='lat' dir='ltr'><strong>Gerhard</strong></span> <span class='ocrx_word' id='word_1_209' title='bbox 614 3346 720 3394; x_wconf 87' lang='lat' dir='ltr'><strong>Auserl.</strong></span> <span class='ocrx_word' id='word_1_210' title='bbox 739 3346 904 3410; x_wconf 81' lang='lat' dir='ltr'><strong>vasengem.</strong></span> <span class='ocrx_word' id='word_1_211' title='bbox 924 3347 946 3412; x_wconf 90' lang='grc'><strong>1,</strong></span> <span class='ocrx_word' id='word_1_212' title='bbox 966 3361 991 3410; x_wconf 86' lang='lat' dir='ltr'><strong>p.</strong></span> <span class='ocrx_word' id='word_1_213' title='bbox 1010 3344 1054 3397; x_wconf 86' lang='grc'><strong>95.</strong></span> <span class='ocrx_word' id='word_1_214' title='bbox 1137 3341 1173 3411; x_wconf 86' lang='grc'><strong>6)</strong></span> <span class='ocrx_word' id='word_1_215' title='bbox 1191 3349 1310 3398; x_wconf 77' lang='lat' dir='ltr'><strong>Parnon.</strong></span> <span class='ocrx_word' id='word_1_216' title='bbox 1341 3375 1347 3392; x_wconf 88' lang='lat'><strong>·</strong></span> 
     </span>
    </p>
   </div>
   <div class='ocr_carea' id='block_1_7' title="bbox 168 3423 1309 3500">
    <p class='ocr_par' dir='ltr' id='par_1_9' title="bbox 168 3423 1309 3500">
     <span class='ocr_line' id='line_1_28' title="bbox 168 3423 1309 3500; baseline 0.007 -25"><span class='ocrx_word' id='word_1_217' title='bbox 168 3483 173 3490; x_wconf 28' lang='lat'><em>¹</em></span> <span class='ocrx_word' id='word_1_218' title='bbox 254 3429 328 3492; x_wconf 81' lang='lat' dir='ltr'><strong>vill,</strong></span> <span class='ocrx_word' id='word_1_219' title='bbox 346 3424 392 3492; x_wconf 87' lang='grc'><strong>38,</strong></span> <span class='ocrx_word' id='word_1_220' title='bbox 411 3425 437 3478; x_wconf 87' lang='grc'><strong>6.</strong></span> <span class='ocrx_word' id='word_1_221' title='bbox 518 3423 551 3491; x_wconf 85' lang='grc'><strong>7)</strong></span> <span class='ocrx_word' id='word_1_222' title='bbox 570 3429 672 3479; x_wconf 83' lang='grc' dir='ltr'>Μίοιιιι.</span> <span class='ocrx_word' id='word_1_223' title='bbox 691 3433 785 3493; x_wconf 83' lang='lat' dir='ltr'><strong>suppl.</strong></span> <span class='ocrx_word' id='word_1_224' title='bbox 804 3432 855 3497; x_wconf 89' lang='lat' dir='ltr'><strong>v1,</strong></span> <span class='ocrx_word' id='word_1_225' title='bbox 875 3427 935 3480; x_wconf 77' lang='lat'><strong>714.</strong></span> <span class='ocrx_word' id='word_1_226' title='bbox 1016 3428 1052 3497; x_wconf 80' lang='lat'><strong>8)</strong></span> <span class='ocrx_word' id='word_1_227' title='bbox 1076 3433 1178 3484; x_wconf 83' lang='lat' dir='ltr'><strong>Mioun.</strong></span> <span class='ocrx_word' id='word_1_228' title='bbox 1198 3435 1235 3483; x_wconf 96' lang='grc'><strong>111</strong></span> <span class='ocrx_word' id='word_1_229' title='bbox 1245 3467 1255 3500; x_wconf 89' lang='grc'><strong>,</strong></span> <span class='ocrx_word' id='word_1_230' title='bbox 1282 3448 1309 3484; x_wconf 92' lang='lat' dir='ltr'><strong>n.</strong></span> 
     </span>
    </p>
   </div>
   <div class='ocr_carea' id='block_1_8' title="bbox 252 3509 1311 4186">
    <p class='ocr_par' dir='ltr' id='par_1_10' title="bbox 252 3509 1311 4186">
     <span class='ocr_line' id='line_1_29' title="bbox 255 3509 1308 3582; baseline 0.009 -23"><span class='ocrx_word' id='word_1_231' title='bbox 255 3509 420 3561; x_wconf 78' lang='grc'><strong>174-192.</strong></span> <span class='ocrx_word' id='word_1_232' title='bbox 449 3540 481 3549; x_wconf 84' lang='grc'>-</span> <span class='ocrx_word' id='word_1_233' title='bbox 510 3511 655 3578; x_wconf 83' lang='lat' dir='ltr'><strong>Menetrej.</strong></span> <span class='ocrx_word' id='word_1_234' title='bbox 680 3516 719 3582; x_wconf 93' lang='grc'><strong>11,</strong></span> <span class='ocrx_word' id='word_1_235' title='bbox 744 3514 769 3564; x_wconf 88' lang='grc'><strong>5.</strong></span> <span class='ocrx_word' id='word_1_236' title='bbox 806 3517 862 3581; x_wconf 90' lang='grc'><strong>111,</strong></span> <span class='ocrx_word' id='word_1_237' title='bbox 882 3515 907 3567; x_wconf 84' lang='grc'><strong>6.</strong></span> <span class='ocrx_word' id='word_1_238' title='bbox 936 3543 970 3553; x_wconf 94' lang='lat'><strong>·—</strong></span> <span class='ocrx_word' id='word_1_239' title='bbox 999 3518 1040 3570; x_wconf 79' lang='lat' dir='ltr'><strong>cl.</strong></span> <span class='ocrx_word' id='word_1_240' title='bbox 1060 3521 1181 3571; x_wconf 77' lang='lat' dir='ltr'><strong>uernam</strong></span> <span class='ocrx_word' id='word_1_241' title='bbox 1199 3522 1308 3571; x_wconf 84' lang='lat' dir='ltr'><strong>Arrserl.</strong></span> 
     </span>
     <span class='ocr_line' id='line_1_30' title="bbox 254 3597 1311 3674; baseline 0.012 -30"><span class='ocrx_word' id='word_1_242' title='bbox 254 3598 418 3660; x_wconf 83' lang='lat' dir='ltr'><strong>vasengem.</strong></span> <span class='ocrx_word' id='word_1_243' title='bbox 437 3599 459 3663; x_wconf 89' lang='lat'><strong>1,</strong></span> <span class='ocrx_word' id='word_1_244' title='bbox 478 3613 504 3660; x_wconf 85' lang='lat' dir='ltr'><strong>p.</strong></span> <span class='ocrx_word' id='word_1_245' title='bbox 525 3597 568 3665; x_wconf 75' lang='lat' dir='ltr'><strong>to,</strong></span> <span class='ocrx_word' id='word_1_246' title='bbox 587 3613 614 3651; x_wconf 87' lang='lat' dir='ltr'><strong>n.</strong></span> <span class='ocrx_word' id='word_1_247' title='bbox 631 3599 673 3652; x_wconf 81' lang='lat'><strong>73.</strong></span> <span class='ocrx_word' id='word_1_248' title='bbox 745 3597 780 3666; x_wconf 89' lang='grc'><strong>9)</strong></span> <span class='ocrx_word' id='word_1_249' title='bbox 800 3601 970 3666; x_wconf 71' lang='lat' dir='ltr'><strong>Oreoplmlus</strong></span> <span class='ocrx_word' id='word_1_250' title='bbox 983 3618 1027 3668; x_wconf 84' lang='lat' dir='ltr'><strong>ap.</strong></span> <span class='ocrx_word' id='word_1_251' title='bbox 1040 3607 1137 3656; x_wconf 84' lang='lat' dir='ltr'><strong>Athen.</strong></span> <span class='ocrx_word' id='word_1_252' title='bbox 1155 3607 1231 3674; x_wconf 89' lang='lat' dir='ltr'><strong>Vlll,</strong></span> <span class='ocrx_word' id='word_1_253' title='bbox 1244 3604 1311 3658; x_wconf 81' lang='grc'><strong>3611</strong></span> 
     </span>
     <span class='ocr_line' id='line_1_31' title="bbox 255 3675 1311 3754; baseline 0.014 -25"><span class='ocrx_word' id='word_1_254' title='bbox 255 3675 309 3746; x_wconf 86' lang='lat'><strong>10)</strong></span> <span class='ocrx_word' id='word_1_255' title='bbox 327 3683 425 3745; x_wconf 87' lang='lat' dir='ltr'><strong>Apollo</strong></span> <span class='ocrx_word' id='word_1_256' title='bbox 444 3697 493 3746; x_wconf 84' lang='lat' dir='ltr'><strong>per</strong></span> <span class='ocrx_word' id='word_1_257' title='bbox 512 3685 658 3748; x_wconf 85' lang='lat' dir='ltr'><strong>accipitres</strong></span> <span class='ocrx_word' id='word_1_258' title='bbox 677 3692 814 3751; x_wconf 82' lang='lat' dir='ltr'><strong>pastorem</strong></span> <span class='ocrx_word' id='word_1_259' title='bbox 834 3692 966 3752; x_wconf 83' lang='lat' dir='ltr'><strong>quendam</strong></span> <span class='ocrx_word' id='word_1_260' title='bbox 979 3691 1125 3754; x_wconf 83' lang='lat' dir='ltr'><strong>Ephesium</strong></span> <span class='ocrx_word' id='word_1_261' title='bbox 1142 3690 1171 3742; x_wconf 91' lang='lat' dir='ltr'><strong>iu</strong></span> <span class='ocrx_word' id='word_1_262' title='bbox 1189 3705 1311 3744; x_wconf 85' lang='lat' dir='ltr'><strong>caverna</strong></span> 
     </span>
     <span class='ocr_line' id='line_1_32' title="bbox 252 3767 1310 3842; baseline 0.011 -24"><span class='ocrx_word' id='word_1_263' title='bbox 252 3767 351 3819; x_wconf 86' lang='lat' dir='ltr'><strong>montis</strong></span> <span class='ocrx_word' id='word_1_264' title='bbox 370 3769 452 3832; x_wconf 80' lang='lat' dir='ltr'><strong>Lyssi</strong></span> <span class='ocrx_word' id='word_1_265' title='bbox 470 3771 605 3822; x_wconf 85' lang='lat' dir='ltr'><strong>inclusum</strong></span> <span class='ocrx_word' id='word_1_266' title='bbox 624 3779 652 3824; x_wconf 90' lang='lat' dir='ltr'><strong>et</strong></span> <span class='ocrx_word' id='word_1_267' title='bbox 671 3789 688 3824; x_wconf 85' lang='lat' dir='ltr'><strong>a</strong></span> <span class='ocrx_word' id='word_1_268' title='bbox 705 3774 782 3824; x_wconf 88' lang='lat' dir='ltr'><strong>socio</strong></span> <span class='ocrx_word' id='word_1_269' title='bbox 801 3775 945 3842; x_wconf 80' lang='lat' dir='ltr'><strong>proditum,</strong></span> <span class='ocrx_word' id='word_1_270' title='bbox 966 3778 1088 3840; x_wconf 89' lang='lat' dir='ltr'><strong>periculo</strong></span> <span class='ocrx_word' id='word_1_271' title='bbox 1100 3777 1227 3828; x_wconf 86' lang='lat' dir='ltr'><strong>liberavit</strong></span> <span class='ocrx_word' id='word_1_272' title='bbox 1246 3776 1261 3828; x_wconf 87' lang='grc' dir='ltr'>ὁ</span> <span class='ocrx_word' id='word_1_273' title='bbox 1282 3780 1310 3830; x_wconf 78' lang='grc' dir='ltr'><strong>δὲ</strong></span> 
     </span>
     <span class='ocr_line' id='line_1_33' title="bbox 252 3850 1311 3933; baseline 0.012 -30"><span class='ocrx_word' id='word_1_274' title='bbox 252 3854 393 3912; x_wconf 71' lang='grc' dir='ltr'><strong>διασωθεὶς</strong></span> <span class='ocrx_word' id='word_1_275' title='bbox 415 3856 502 3924; x_wconf 76' lang='grc' dir='ltr'><strong><em>βωμὸν</em></strong></span> <span class='ocrx_word' id='word_1_276' title='bbox 525 3850 567 3908; x_wconf 75' lang='lat' dir='ltr'><strong>tn&#39;</strong></span> <span class='ocrx_word' id='word_1_277' title='bbox 590 3852 671 3928; x_wconf 74' lang='grc' dir='ltr'><strong>ἄκρας</strong></span> <span class='ocrx_word' id='word_1_278' title='bbox 694 3857 739 3926; x_wconf 61' lang='grc' dir='ltr'><strong>τῆς</strong></span> <span class='ocrx_word' id='word_1_279' title='bbox 762 3856 878 3930; x_wconf 64' lang='grc' dir='ltr'><strong>κορυφῆς</strong></span> <span class='ocrx_word' id='word_1_280' title='bbox 901 3863 949 3912; x_wconf 86' lang='grc' dir='ltr'><strong>τοῦ</strong></span> <span class='ocrx_word' id='word_1_281' title='bbox 978 3859 1060 3933; x_wconf 79' lang='grc' dir='ltr'><em>ὄρους</em></span> <span class='ocrx_word' id='word_1_282' title='bbox 1081 3857 1248 3922; x_wconf 68' lang='lat' dir='ltr'><strong>&#39;Antii-loros</strong></span> <span class='ocrx_word' id='word_1_283' title='bbox 1272 3866 1311 3916; x_wconf 74' lang='lat' dir='ltr'><strong>st&#39;-</strong></span> 
     </span>
     <span class='ocr_line' id='line_1_34' title="bbox 252 3940 1311 4018; baseline 0.013 -30"><span class='ocrx_word' id='word_1_284' title='bbox 252 3957 331 4001; x_wconf 82' lang='lat' dir='ltr'><strong>curo,</strong></span> <span class='ocrx_word' id='word_1_285' title='bbox 359 3944 386 3990; x_wconf 92' lang='grc' dir='ltr'><strong><em>Γ</em></strong></span> <span class='ocrx_word' id='word_1_286' title='bbox 385 3940 501 4000; x_wconf 69' lang='lat' dir='ltr'><strong>arausicae</strong></span> <span class='ocrx_word' id='word_1_287' title='bbox 526 3946 562 4001; x_wconf 78' lang='grc' dir='ltr'><strong>εἰς</strong></span> <span class='ocrx_word' id='word_1_288' title='bbox 590 3952 713 4015; x_wconf 80' lang='grc' dir='ltr'><strong><em>μνημεῖον</em></strong></span> <span class='ocrx_word' id='word_1_289' title='bbox 740 3946 789 3996; x_wconf 83' lang='grc' dir='ltr'><strong>τῶν</strong></span> <span class='ocrx_word' id='word_1_290' title='bbox 817 3946 1025 4013; x_wconf 76' lang='grc' dir='ltr'><strong><em>συνενεχθέντων</em></strong></span> <span class='ocrx_word' id='word_1_291' title='bbox 1053 3943 1186 4018; x_wconf 72' lang='grc' dir='ltr'><strong>ὀνομάσας</strong></span> <span class='ocrx_word' id='word_1_292' title='bbox 1213 3950 1311 4002; x_wconf 75' lang='lat' dir='ltr'><strong>Conon</strong></span> 
     </span>
     <span class='ocr_line' id='line_1_35' title="bbox 252 4025 1310 4098; baseline 0.014 -25"><span class='ocrx_word' id='word_1_293' title='bbox 252 4025 329 4074; x_wconf 83' lang='lat' dir='ltr'><strong>Nam.</strong></span> <span class='ocrx_word' id='word_1_294' title='bbox 348 4026 458 4078; x_wconf 81' lang='lat' dir='ltr'><strong>xxxv.</strong></span> <span class='ocrx_word' id='word_1_295' title='bbox 532 4026 582 4095; x_wconf 94' lang='grc'><strong>11)</strong></span> <span class='ocrx_word' id='word_1_296' title='bbox 602 4032 672 4084; x_wconf 82' lang='grc' dir='ltr'><strong>Ρ1ιι1.</strong></span> <span class='ocrx_word' id='word_1_297' title='bbox 697 4036 748 4094; x_wconf 78' lang='lat' dir='ltr'><strong>Qu.</strong></span> <span class='ocrx_word' id='word_1_298' title='bbox 775 4035 852 4084; x_wconf 78' lang='lat' dir='ltr'><strong>Rom.</strong></span> <span class='ocrx_word' id='word_1_299' title='bbox 871 4031 967 4084; x_wconf 80' lang='grc'><strong>110111.</strong></span> <span class='ocrx_word' id='word_1_300' title='bbox 988 4061 1021 4072; x_wconf 83' lang='lat'><strong>--</strong></span> <span class='ocrx_word' id='word_1_301' title='bbox 1041 4037 1188 4098; x_wconf 81' lang='lat' dir='ltr'><strong>uoranouc</strong></span> <span class='ocrx_word' id='word_1_302' title='bbox 1206 4036 1310 4087; x_wconf 78' lang='lat' dir='ltr'><strong>uleru-</strong></span> 
     </span>
     <span class='ocr_line' id='line_1_36' title="bbox 252 4108 1310 4186; baseline 0.016 -27"><span class='ocrx_word' id='word_1_303' title='bbox 252 4110 345 4173; x_wconf 80' lang='lat' dir='ltr'><strong>glyplr.</strong></span> <span class='ocrx_word' id='word_1_304' title='bbox 363 4113 385 4180; x_wconf 86' lang='lat'><strong>1,</strong></span> <span class='ocrx_word' id='word_1_305' title='bbox 407 4109 437 4163; x_wconf 93' lang='lat' dir='ltr'><strong>ll</strong></span> <span class='ocrx_word' id='word_1_306' title='bbox 461 4108 521 4178; x_wconf 82' lang='lat' dir='ltr'><strong>(ed.</strong></span> <span class='ocrx_word' id='word_1_307' title='bbox 541 4119 689 4170; x_wconf 74' lang='lat' dir='ltr'><strong>amstelod.</strong></span> <span class='ocrx_word' id='word_1_308' title='bbox 711 4115 805 4185; x_wconf 81' lang='grc'><strong>1895).</strong></span> <span class='ocrx_word' id='word_1_309' title='bbox 899 4117 949 4184; x_wconf 90' lang='grc'><strong>12)</strong></span> <span class='ocrx_word' id='word_1_310' title='bbox 968 4121 1077 4186; x_wconf 80' lang='lat' dir='ltr'><strong>Jupiter</strong></span> <span class='ocrx_word' id='word_1_311' title='bbox 1100 4123 1150 4173; x_wconf 84' lang='lat' dir='ltr'><strong>sub</strong></span> <span class='ocrx_word' id='word_1_312' title='bbox 1169 4119 1310 4185; x_wconf 82' lang='lat' dir='ltr'><strong>accipitris</strong></span> 
     </span>
    </p>
   </div>
   <div class='ocr_carea' id='block_1_9' title="bbox 0 0 1462 4722">
    <p class='ocr_par' dir='ltr' id='par_1_11' title="bbox 0 0 1462 4722">
     <span class='ocr_line' id='line_1_37' title="bbox 0 0 1462 4722; baseline 0 0"><span class='ocrx_word' id='word_1_313' title='bbox 0 0 1462 4722; x_wconf 95' lang='lat' dir='ltr'><strong> </strong></span> 
     </span>
    </p>
   </div>
  </div>
 </body>
</html>
