2866 4736
183 254 186 265 ’
294 270 317 344 4

293 457 393 544 spieui
415 459 489 520 sunt
504 454 546 532 6).
591 455 681 518 Haec
702 455 799 541 igitur
813 453 959 540 planities
982 477 1076 542 quum
1098 457 1351 543 septentrionem

272 583 401 626 -versus
418 558 562 623 Gallesio
585 569 694 632 monte
718 557 757 621 ad
780 581 865 622 mare
884 581 984 644 usque
1008 559 1180 625 accedente
1204 561 1351 648 praeclu-

292 665 385 730 datur
407 675 500 748 atque
523 685 541 725 a
565 661 845 748 Colophoniorum
868 664 954 750 agro'
971 649 1145 742 dirimatur,
1174 665 1351 730 meridiana

290 778 381 855 parte
404 769 588 831 terminatur
610 766 754 842 collibus,
778 769 831 850 qui
854 787 872 828 a
895 767 1022 850 Pactya,
1048 770 1142 830 variis
1164 759 1223 832 suh
1246 772 1349 833 nomi-

290 873 385 936 nibus
408 871 448 934 ad
472 893 539 934 eam
562 868 768 956 descendunt.
814 868 960 952 Quorum
975 868 1070 933 medii
1091 870 1166 949 duo,
1189 869 1348 938 Coressus

290 975 412 1039 scilicet
435 984 467 1037 et
480 975 587 1051 Prion,
610 977 757 1059 antiquae
780 971 1057 1037 urhis·ruderibus
1076 978 1168 1038 etiam
1184 997 1270 1058 nunc
1284 999 1348 1040 ma-

289 1083 338 1167 gis
361 1081 502 1164 insignes
525 1088 612 1154 sunt;
635 1081 745 1141 tertius
765 1076 962 1142 occidentem
985 1099 1095 1141 versus
1117 1081 1348 1166 mariquepro-

288 1186 362 1269 pior
383 1180 552 1246 Solmissus
575 1202 592 1243 a
614 1182 775 1244 veteribus
797 1179 929 1244 videtur·
944 1179 1121 1265 appellatus
1143 1181 1241 1247 fuisse
1257 1185 1291 1262 ⁷)
1316 1194 1348 1248 et

287 1287 354 1350 leni
377 1283 515 1349 convalli
542 1305 560 1346 a
588 1282 731 1348 Coresso
760 1293 924 1368 separatus
940 1283 983 1363 8).
1029 1283 1169 1367 Quartus
1199 1284 1347 1372 denique,

243 1405 247 1410 “
288 1392 427 1454 omnium
449 1389 604 1464 minimus,
626 1386 666 1450 ad
690 1389 844 1450 orientem
868 1395 1014 1471 spectans
1036 1387 1201 1472 inediaque
1223 1392 1257 1452 in
1280 1391 1347 1479 pla-

286 1497 374 1571 nitie,
397 1513 492 1576 aqua
515 1489 655 1575 undique
678 1490 896 1567 circumdatur,
919 1493 995 1554 situs
1018 1473 1150 1554 castello
1173 1497 1346 1558 recentiori

287 1617 368 1660 aevo
393 1602 550 1664 exstructo
574 1597 713 1658 munitur
743 1604 774 1658 et
802 1597 835 1658 in
865 1593 948 1658 clivo
974 1592 1173 1658 meridionali
1197 1599 1345 1684 exiguum

287 1702 462 1764 Turcarum
484 1700 586 1761 vicum
614 1697 711 1762 habet
733 1697 880 1782 Ajasluh,
911 1720 947 1761 ex
976 1697 1055 1761 urbe
1079 1699 1212 1762 Turcica
1235 1721 1346 1786 super-

285 1806 398 1878 stitem,
421 1804 510 1886 cujus
532 1801 722 1887 magnificae
744 1805 919 1886 parietinae
942 1801 1006 1865 lato
1030 1802 1259 1886 circumjacent.

373 1906 461 1967 lnter
488 1924 568 1987 quos
599 1903 699 1968 colles
728 1907 859 1968 maxime
888 1906 1021 1991 insignis
1051 1915 1099 1968 est
1125 1903 1283 1972 Coressus
1300 1909 1344 1989 ⁹),

285 2009 339 2092 qui
362 2005 401 2068 ab
427 2004 590 2070 altioribus
612 2009 695 2094 jugis
719 2005 916 2071 occidentem
947 2017 979 2070 et
1001 2012 1250 2092 septentrionem
1272 2033 1344 2076 ver-

283 2133 337 2174 sus
361 2109 432 2173 altis
455 2119 487 2173 et
501 2114 677 2196 praeruptis
701 2114 782 2173 saxis
800 2111 847 2189 ¹⁰)
871 2109 911 2173 ad
927 2108 1098 2195 Caystrum
1120 2123 1152 2176 et
1166 2135 1252 2178 mare
1266 2136 1344 2200 pro-

188 2296 191 2302 ,
283 2213 401 2279 cedens
418 2214 474 2295 ¹¹),
496 2213 551 2277 ubi
567 2211 606 2276 ad
629 2215 691 2277 hoc
707 2213 872 2304 descendit
893 2217 953 2277 ima
972 2235 1028 2278 sua
1044 2225 1133 2299 parte
1148 2216 1342 2302 peculiarem

281 2328 438 2403 tamquam
461 2328 609 2396 montem,
631 2316 794 2403 paulisper
816 2327 934 2382 tantum
959 2340 976 2382 a
1003 2318 1170 2405 principali
1191 2323 1269 2408 jugo
1291 2344 1341 2405 se·
1423 2363 1424 2396 2

280 2432 423 2507 paratum
447 2421 557 2499 elficit,
574 2423 643 2506 „qui
666 2422 862 2485 Athenaeum
888 2421 1013 2488 videtur
1041 2423 1218 2510 appellatus
1241 2425 1340 2491 luisse

234 2567 249 2591 .
282 2513 394 2606 (else
417 2523 455 2599 11,
477 2523 505 2605 §.
521 2526 582 2602 2.).
628 2521 805 2606 Aliquoties
828 2533 933 2588 tamen
953 2536 985 2590 et
999 2527 1081 2591 hanc
1102 2537 1232 2612 partem,
1255 2552 1340 2615 quae

282 2635 368 2690 extra
390 2627 517 2690 moenia
539 2626 733 2708 Lysimachi,
764 2647 897 2711 quorum
925 2628 1040 2694 rudera
1063 2643 1245 2718 supersunt,
1277 2637 1339 2698 sita

281 2738 363 2807 erat,
393 2726 524 2792 Coressi
552 2729 680 2791 nomine
706 2729 895 2815 appellatam
924 2734 1101 2799 invenimus
1118 2737 1174 2816 ¹²).
1227 2737 1338 2802 Altera

281 2853 318 2896 ex
340 2839 444 2916 parte,
474 2833 722 2917 septentrionem
750 2856 874 2913 versus,
897 2836 1111 2924 Pactyaeque,
1137 2861 1229 2924 quam
1258 2845 1339 2906 mari

278 2937 422 3022 propior,
445 2931 587 2998 Coresso
604 2941 770 3021 oppositus
794 2949 841 3002 est
855 2960 947 3004 mons
962 2943 1060 3006 Prion
1077 2943 1132 3022 18),
1155 2943 1236 3006 lalso
1252 2945 1337 3010 Pion

278 3036 436 3124 aliquibus
458 3037 560 3102 dictus
576 3041 632 3119 ¹⁴),
656 3042 709 3124 qui
732 3062 750 3104 a
766 3039 908 3108 Coresso
924 3044 987 3110 alta
1002 3045 1134 3132 quadam
1151 3056 1183 3110 et
1197 3058 1335 3135 angusta

279 3216 478 3233 -μ-κ-

347 3317 383 3388 6)
396 3321 516 3384 Klepert.
588 3316 621 3386 7)
640 3324 728 3374 strab.
750 3326 824 3394 xlv,
848 3342 874 3390 p.
896 3327 961 3402 639.
1036 3321 1071 3388 8)
1093 3323 1251 3376 convallem
1269 3341 1332 3382 am.

277 3407 320 3458 nls
336 3406 445 3468 perfluit
463 3405 718 3460 eunomianum.
737 3413 788 3462 1.1.
807 3412 841 3449 ’-
858 3415 923 3463 Poc.
941 3411 983 3461 70.
997 3409 1040 3461 71.
1115 3406 1148 3474 9)
1167 3411 1214 3462 sic
1232 3415 1331 3468 mellus
1422 3421 1423 3428 ’

276 3493 430 3554 appellatur
447 3505 525 3554 quam
544 3492 671 3545 Oorlssus
688 3511 714 3546 r.
732 3499 824 3559 steph.
838 3499 905 3558 Byn.
924 3511 982 3546 ιν.
1055 3492 1105 3557 10)
1123 3499 1199 3548 Unde
1217 3504 1246 3551 et
1258 3503 1329 3555 'l'ra-

275 3579 344 3628 chea
369 3578 446 3636 haec,
464 3574 524 3642 ejus
551 3580 650 3630 monti·
675 3595 739 3643 pars
766 3583 902 3644 appellata
929 3581 973 3632 est
1000 3583 1088 3633 strab.
1114 3584 1190 3653 le,
1215 3601 1243 3650 p.
1265 3585 1327 3638 634.
1422 3621 1423 3656 3

276 3659 467 3725 ll)1ilepert.
485 3687 522 3700 -
540 3665 650 3717 chondl.
673 3681 700 3730 p.
720 3664 779 3718 169.
798 3680 869 3717 vers.
889 3670 979 3720 Germ.
998 3693 1032 3704 -
1049 3668 1176 3722 Pococke
1193 3687 1220 3736 p.
1237 3671 1281 3725 46.
1299 3688 1326 3738 p.

275 3745 319 3798 71.
337 3775 371 3786 -
390 3745 466 3814 Ponj.
485 3763 512 3812 p.
529 3747 591 3802 281.
681 3748 732 3818 12)
755 3755 887 3804 Herodot.
905 3755 944 3820 V,
972 3751 1328 3821 1⁰o.„nti1onescontra

275 3837 375 3886 'ardes
383 3834 542 3902 ,profecturi
557 3837 638 3888 πλοῖα
653 3841 700 3906 μὲν
712 3840 848 3890 narsitano
860 3842 885 3890 ir
897 3833 1024 3908 Kopr'pooqr
1036 3837 1083 3908 τῆς
1091 3835 1216 3910 Ἐφεσίης.
1247 3845 1325 3911 „unt

274 3919 408 3972 veressus
426 3920 520 3987 vicus,
544 3933 623 3984 quem
641 3926 793 3985 stephanus
816 3926 928 3986 praehet
949 3930 992 3976 est
1013 3923 1229 3991 intelligendus“
1246 3932 1326 3995 Kiep.

273 4000 326 4070 13)
344 4005 432 4076 Πρίων
449 4007 530 4056 Paua.
550 4008 611 4073 vn,
629 4006 655 4056 6.
675 4007 717 4060 10.
737 4003 796 4073 (ed.
813 4005 925 4074 halah).
952 4037 986 4048 -
1011 4007 1107 4082 Πρὴων
1125 4015 1252 4088 §matroni
1272 4019 1325 4069 est.

273 4091 310 4141 ol.
328 4093 444 4144 Salmas.
468 4093 502 4143 ad
525 4092 646 4144 'clinum
668 4091 712 4145 40.
730 4107 756 4158 p.
775 4091 828 4146 568
838 4097 868 4146 Β.
886 4093 940 4148 600
948 4099 1001 4150 All.
1076 4093 1126 4164 14)
1149 4099 1219 4152 Plin.
1238 4103 1325 4154 1114.
