2866 4736
1105 217 1153 322 ιι

32 445 37 452 ’
94 433 165 498 nati
182 427 273 497 erant
286 430 470 526 periculum,
493 442 527 496 ut
542 453 559 495 a
575 431 747 519 Spartanis,
769 437 887 520 quippe
903 438 954 520 qui
973 444 1037 499 tum
1054 433 1153 500 Grae-

95 541 168 602 ciae
190 546 332 600 rectores
356 535 473 600 fuerint
489 535 546 628 66),
568 535 715 600 auxilium
737 546 846 628 petere
869 559 976 603 rursus
999 560 1154 626 cogeren—
1234 557 1237 563 ·

95 652 150 706 tur
173 641 270 704 lones
291 644 341 720 (a.
361 641 458 719 399).
505 638 571 723 Qui
593 624 696 703 statim
720 641 946 705 Thimbronem
970 663 1040 706 cum
1063 645 1152 728 quin-

95 767 161 830 que
183 741 321 808 millibus
344 741 486 828 peditum
502 752 534 807 et
556 745 714 821 trecentis,
737 765 817 828 quos
839 744 1049 810 Athenienses
1064 767 1153 831 prae-

96 851 249 912 stiterunt
265 848 321 926 66),
344 846 501 932 equitibus
525 845 687 932 Ephesum
710 850 896 912 miserunt*
992 900 997 909 .

187 953 249 1016 Hic
272 973 367 1036 quum
390 949 533 1015 collectis
556 973 594 1014 ex
623 950 770 1016 omnibus
800 951 866 1014 lere
888 953 998 1016 Ioniae
1022 951 1153 1015 civitati·
1194 953 1199 964 '

96 1056 169 1135 bus,
191 1076 273 1140 quae
296 1064 427 1139 accepto
452 1063 563 1118 contra
585 1053 738 1118 barbaros
761 1053 877 1118 auxilio
902 1048 995 1140 quam'
1019 1054 1153 1120 laetissi-

94 1181 169 1224 mae
192 1167 290 1235 crant,
314 1160 413 1242 copiis
438 1160 606 1222 exercitum
628 1178 823 1244 magnopere
846 1160 982 1221 auxisset
998 1158 1052 1238 66),
1074 1157 1152 1222 mul-

95 1276 145 1327 tas
171 1263 377 1348 Tissapherni
400 1261 494 1326 urbes
517 1263 633 1346 eripuit
648 1261 709 1341 ⁶⁷),
738 1281 843 1348 neque
871 1271 975 1325 tamen
998 1249 1152 1348 magnam,

97 1387 192 1452 quam
210 1367 272 1452 jam
287 1366 405 1451 Ephesi
418 1364 552 1452 parabat
570 1363 803 1450 expeditionem
816 1368 849 1428 iu
862 1363 988 1430 Cariam
1004 1363 1151 1428 adfinem

97 1469 277 1556 perducere
291 1472 410 1555 potuit;
427 1467 517 1533 mali's
529 1471 823 1533 eniminimicorum
843 1467 925 1532 dolis
941 1469 1073 1554 imperio
1089 1470 1153 1552 pri-

95 1583 193 1638 vatus
207 1573 414 1659 Spartamque
430 1584 598 1638 revocatus
611 1586 659 1637 est
667 1574 719 1652 66).
739 1572 1067 1657 Dercyllidas'autem,
1077 1581 1152 1662 post
1231 1651 1233 1655 Ι

100 1675 328 1740 Thimbronem
351 1678 513 1762 Ephesum
534 1681 647 1742 missus
665 1677 713 1756 66)
737 1677 850 1755 (398),
872 1677 936 1739 icto
960 1697 1031 1738 cum
1047 1677 1152 1739 Tissa-

96 1781 222 1866 pherne
250 1779 382 1845 foedere
411 1785 515 1846 statim
544 1802 742 1846 communem
763 1780 887 1842 hostem
907 1779 1152 1876 Phapnabazum,

96 1883 260 1972 Phrygiae
282 1893 438 1972 satrapam
457 1905 626 1973 aggressus
650 1895 706 1962 est,
730 1885 780 1947 cui
795 1871 963 1968 postquam
986 1891 1061 1946 octo
1084 1881 1151 1946 fere

35 2017 41 2029 ¹
98 1987 214 2052 diebus
235 2008 352 2052 novem
375 1988 470 2052 urbes
489 1988 616 2074 eripuit,
635 1998 796 2073 totamque
813 1985 980 2050 Aeolidem
1002 1984 1043 2048 ad
1066 1984 1152 2051 defe-

96 2094 237 2156 ctionem
259 2093 422 2178 instigavit
443 2091 579 2156 induciis
595 2092 685 2156 factis
707 2095 741 2156 in
756 2091 907 2174 Bithynia
930 2091 1079 2153 hiemavit
1094 2090 1150 2168 ⁷⁰).

97 2196 283 2283 Insequenti
304 2216 380 2259 vere
394 2196 509 2286 (397)
532 2197 697 2280 Lampsaci
713 2197 808 2278 quum
823 2204 1002 2256 versaretur
1015 2189 1153 2276 Dercyl-

97 2298 179 2362 lidas
200 2299 300 2386 legati
323 2319 393 2362 eum
416 2297 538 2376 adiere,
567 2319 647 2383 quos
677 2296 717 2360 de
743 2317 847 2359 rerum
869 2296 1047 2358 Ionicarum
1069 2302 1153 2358 statu

97 2405 298 2488 quaesituros
321 2401 443 2488 Ephori
472 2403 514 2496 in·
528 2396 635 2464 Asiam
663 2402 812 2464 miserant
827 2399 885 2475 67).
953 2395 1036 2461 Cum
1065 2397 1162 2460 hisces

95 2509 195 2594 igitur
223 2506 383 2592 Ephesum
418 2507 521 2568 statim
550 2503 713 2590 proiectus
741 2501 881 2580 videtur,
918 2501 1004 2566 unde
1033 2521 1152 2576 omnes,

97 2631 180 2695 quae
202 2631 280 2674 suae
302 2609 432 2674 ditionis
456 2612 576 2682 essent,
605 2629 735 2694 graecas
758 2606 853 2670 urbes
877 2603 1070 2692 perlustrare
1094 2626 1151 2669 eos

95 2717 197 2802 jussit,
208 2723 246 2778 ut
257 2735 348 2799 quam
360 2711 496 2776 feliciter
506 2733 585 2798 pace
600 2711 781 2804 fruerentur
791 2713 853 2794 ipsi
864 2707 1081 2796 intelligerent
1093 2696 1153 2788 66),
1227 2689 1230 2700 ’

186 2818 260 2903 lpse
283 2825 387 2880 autem
411 2813 670 2890 Chersonnesum
693 2835 728 2877 se
753 2812 895 2891 contulit,
919 2833 1018 2898 eaque
1041 2819 1151 2878 contra
1301 2843 1304 2847 ·

99 2922 241 2985 Thraces
263 2921 398 2997 munita,
420 2929 588 3005 captaque,
618 2939 709 3004 quam
734 2915 808 2980 Chii
837 2926 1043 3002 occuparant,
1072 2915 1152 2981 urbe

98 3026 249 3103 Atarneo,
272 3022 312 3088 ad
335 3021 542 3109 principalem
572 3030 604 3086 et
626 3018 719 3084 suam'
737 3030 773 3084 et
795 3024 949 3084 exercitus
973 3019 1081 3084 sedem
1103 3039 1152 3081 re-

96 3299 203 3361 tinctona
221 3299 304 3367 ἑαυτῷ
323 3299 455 3370 ὑπηκόους
473 3302 538 3352 εἶναι
556 3299 625 3348 Xen.
643 3299 715 3348 llell.
733 3298 782 3364 ΙΙΙ,
802 3296 827 3363 l,
846 3291 881 3346 3.’
955 3287 1007 3357 64)
1025 3289 1152 3362 Προστὰ-

95 3409 142 3440 ται
160 3383 246 3454 πάσης
263 3383 310 3456 τῆς
325 3383 453 3446 Ἑλλάδος
470 3385 537 3438 lbid.
607 3381 658 3445 65)
677 3385 743 3435 lbld.
762 3385 817 3450 ΙΙΙ,
839 3380 849 3432 l
858 3416 868 3450 7
886 3377 912 3432 4.
993 3374 1153 3446 66)’Σιιιι)-

95 3493 160 3542 pays
179 3475 225 3541 priv
244 3467 407 3542 στρατιώτας
424 3473 471 3524 καὶ
488 3476 514 3524 ln
532 3469 582 3522 τῶν
601 3474 626 3522 ἓν
644 3467 676 3540 τῇ
695 3463 793 3539 ἦπείρῳ
804 3467 953 3535 Ἑλληνίδων
971 3461 1079 3518 πόλεων·
1098 3465 1152 3518 πᾶ-

96 3578 141 3610 σαι
158 3557 210 3628 γὰρ
230 3553 292 3610 τότε
311 3549 444 3618 αἶπόλιις
462 3560 616 3618 ἐπείθοντο,
637 3552 679 3608 ὅτι
697 3546 988 3624 Λακεδαιμόνιοςίἷιὴρ
1007 3551 1151 3606 ἐπιτάττοι.

94 3647 135 3696 lb.
156 3639 182 3710 ξ.
201 3645 230 3696 5.
248 3641 353 3710 aruerit
368 3649 396 3696 et
418 3644 529 3711 milites,
549 3643 670 3708 quicum
689 3640 763 3706 Cyro
782 3643 913 3706 quondam
931 3639 1061 3704 proiecti,
1081 3651 1153 3689 nunc
1230 3631 1233 3640 ’

94 3729 152 3795 iam
179 3731 287 3782 reversi
314 3734 394 3782 erant
415 3733 465 3782 sub
490 3731 679 3792 Xenophonte.
773 3723 827 3793 67)
849 3729 918 3777 Xen.
942 3727 996 3791 111,
1021 3723 1052 3790 1,
1076 3722 1103 3778 6.
1128 3723 1152 3774 7.

94 3813 150 3882 68)
170 3819 272 3870 Postea
290 3817 372 3869 etiam
386 3799 421 3867 xin
440 3815 549 3868 exilium
567 3815 677 3866 missus.
707 3817 745 3865 lb.
791 3808 869 3877 Ι99)
887 3813 934 3874 111,
954 3809 980 3878 1,
996 3803 1025 3859 B.
1079 3801 1152 3870 w)

95 3905 170 3956 xen.
187 3905 238 3972 ιιι,
256 3903 284 3974 ι,
303 3904 330 3955 a.
401 3898 455 3968 τι)
473 3905 543 3955 xen.
561 3903 611 3970 ιιι,
630 3901 659 3969 a,
677 3899 703 3952 e.
781 3894 832 3965 τι)
851 3897 956 3963 mun,
975 3893 1006 3963 a,
1025 3891 1052 3963 o,
1072 3897 1153 3963 smp-

95 4005 146 4060 ψει
165 3983 264 4048 αὐτοὺς
277 3975 327 4041 ἄπ’
343 3983 458 4060 Ἐφέσου
477 3987 520 4041 διὰ
537 3988 588 4040 τῶν
603 3984 753 4054 Ἑλληνίδων
775 3980 877 4039 πόλεων
904 4015 1045 4034 ......
1071 3983 1096 4032 ἐν
1115 3982 1153 4032 sl-

95 4075 160 4148 ρὴνῃ
181 4070 369 4146 εὐδαιμονικῶς
387 4071 533 4142 διαγούσας.

843 4154 939 4214 .·4
