2866 4736
92 297 346 384 ·..‘13

298 491 431 548 statuam
455 483 533 568 ejus,
553 499 615 544 nec
635 497 704 542 non
725 475 894 542 mrrltorum
917 474 1052 542 aliorum
1067 475 1297 562 Spartanorum
1319 477 1354 538 in

298 585 418 674 templo
441 605 501 650 suo
524 580 712 648 dedicarunt
727 582 775 663 57)
797 581 913 663 (404).
1061 575 1066 592 “

188 687 196 695 ’
385 691 495 755 Finito
523 689 620 775 igitur
647 685 736 750 bello
764 683 1056 772 Peloponnesiaco,
1086 705 1180 770 quum
1208 705 1228 746 a
1254 683 1354 748 Lace·
1424 671 1427 682 ’

299 795 476 874 daemoniis
499 791 624 857 deserta
654 788 861 854 crudelissimi
886 788 1107 873 Tissaphernis
1129 786 1223 852 sedes
1245 788 1355 852 fucare

300 907 385 962 esset
399 898 457 979 ⁶⁸),
470 895 571 962 multo
588 897 718 982 gravior
732 915 823 978 quam
840 895 973 976 caeteris
987 890 1119 955 urbibus
1134 912 1204 956 sors
1220 891 1353 978 Epheso

299 1001 494 1077 imminebat;
516 1001 678 1084 hucusque
702 999 794 1074 enim,
816 1005 852 1060 ut
874 995 958 1082 apud
981 981 1061 1081 quos
1076 997 1247 1081 praecipua
1260 995 1354 1081 Spar-

133 1117 137 1126 '
209 1127 212 1130 ·
299 1117 446 1171 tenorum
468 1102 561 1170 sedes
584 1102 703 1180 fuisset,
726 1101 883 1186 Ephesios
913 1102 1031 1166 amieos
1052 1102 1160 1186 potius
1184 1107 1282 1183 atque
1304 1119 1354 1162 so·

173 1203 179 1206 ’
300 1212 367 1274 cios
389 1211 555 1278 Persarum
577 1206 675 1271 fuisse
699 1203 793 1268 facile
815 1206 1017 1290 perspicuum
1042 1223 1128 1268 nune
1149 1204 1234 1266 servi
1256 1201 1354 1265 futuri

300 1321 398 1378 erant.
423 1349 464 1364 -
488 1311 662 1396 Ωυατωιο
684 1316 815 1394 recepto
839 1307 966 1393 quidem
983 1307 1204 1393 Tissapherne,
1227 1307 1284 1391 qui
1305 1325 1355 1369 so-

299 1417 361 1481 la'm
376 1415 522 1481 Miletum
538 1417 632 1500 cepit,
654 1413 785 1499 Ephesii
802 1415 980 1498 caeterique
1002 1413 1098 1476 lones
1120 1405 1261 1475 v'eterem
1283 1412 1355 1474 ami-

300 1543 371 1586 cum
387 1519 511 1605 Cyrum
533 1516 687 1597 adierunt,
709 1514 832 1602 Lydiae
853 1525 1011 1604 satrapen,
1032 1517 1196 1603 Regisque
1217 1514 1356 1592 fratrem,

300 1624 426 1690 Graeca
449 1621 572 1688 cultura
593 1613 791 1707 nequequam
809 1630 976 1706 expertem,
1000 1621 1157 1684 communi
1181 1617 1355 1682 consilioa

302 1728 517 1814 Tissapherne
534 1725 730 1791 deficientes.
775 1723 851 1808 Quo
875 1724 961 1789 lacto
978 1722 1094 1810 Cyrus,
1117 1725 1219 1788 missis
1237 1721 1280 1786 ad
1294 1723 1355 1786 Re-

301 1853 375 1919 gem
406 1831 534 1894 fratrem
563 1830 692 1916 legatis,
721 1837 759 1892 ut
786 1827 845 1891 sibi
874 1831 996 1912 potius,
1026 1851 1119 1916 quam
1149 1826 1355 1911 Tissapherni

303 1935 497 2002 Graecarum
512 1935 684 1997 eivitatium
698 1933 864 2016 imperium
880 1931 1108 1997 concederetur
1121 1933 1253 2018 petivit;
1270 1928 1356 2016 quod

304 2047 337 2102 et
347 2039 454 2101 matris
470 2035 586 2102 auxilio
604 2045 636 2099 et
650 2037 723 2120 quia
735 2036 805 2098 Rex
820 2037 944 2101 oriente
961 2039 1045 2101 iuter
1058 2037 1184 2100 fratrem
1201 2057 1240 2098 ae
1253 2037 1356 2099 Tissa-

302 2141 454 2228 phernem
471 2140 670 2206 dissensione
681 2137 843 2226 gaudebat
861 2129 900 2204 eo
916 2139 1038 2204 laeilius
1050 2140 1196 2217 obtinuit,
1207 2141 1299 2226 quod
1312 2143 1355 2204 in-

301 2257 407 2334 tegra,
430 2267 511 2332 quae
533 2244 594 2310 sibi
615 2254 771 2330 tamquam
792 2247 878 2332 justo
901 2243 1032 2309 domino
1057 2244 1173 2311 Graeci
1193 2245 1356 2331 pepende

301 2360 383 2431 runt,
404 2350 522 2416 tributa
538 2351 621 2438 Regi
635 2352 784 2414 mitteret.
828 2348 989 2416 Praesidio
1008 2351 1106 2437 igitur
1121 2357 1154 2414 et
1174 2351 1355 2442 praelectus

301 2458 336 2519 in
359 2455 493 2542 singulis
515 2453 646 2518 urbibus
662 2455 781 2532 habuit,
803 2475 892 2540 quos,
914 2475 1009 2538 quum
1031 2455 1094 2540 jam
1116 2452 1355 2519 audacissimum

145 2629 149 2640 ,
181 2630 189 2636 ‚
304 2557 516 2643 expeditionis
539 2557 706 2623 consilium
728 2556 907 2647 moliretur,
935 2559 1045 2644 copias
1070 2556 1210 2643 undique
1233 2568 1357 2622 contra-

302 2661 380 2724 here
402 2663 503 2747 jussit,
521 2657 749 2746 Tissapherhis,
772 2681 864 2746 quem
888 2682 1084 2748 magnopere
1100 2659 1216 2726 Graeci
1237 2673 1357 2728 metue-

243 2789 255 2804 ‘
302 2765 397 2843 bant,
425 2763 595 2828 adventum
624 2773 813 2849 praetexens
829 2765 888 2845 ⁵⁰).
934 2763 1036 2852 Cujus
1063 2764 1274 2852 expeditionis
1296 2789 1357 2832 ma-

303 2871 363 2956 gis,
385 2890 477 2953 quam
493 2869 611 2931 caeteri
625 2868 731 2949 lones,
745 2869 876 2954 Ephesii
890 2871 1061 2957 participes
1076 2869 1223 2935 videntur
1244 2871 1357 2947 luisse3

304 2971 465 3058 Ephesum
489 2974 572 3036 enim
596 2975 707 3058 copiae
729 2983 956 3052 convenerant,
978 2974 1052 3038 hinc
1074 2972 1115 3038 ad
1138 2973 1262 3060 Cyrum
1284 2997 1358 3061 pro-

210 3093 215 3100 ·
304 3076 407 3141 lectae
429 3086 503 3142 sunt
518 3075 575 3155 ⁶⁰),
598 3075 671 3140 hinc
700 3075 837 3163 denique
859 3079 958 3145 totius
980 3081 1101 3144 itineris
1123 3077 1355 3165 longitudinem

304 3179 488 3267 computare
510 3180 660 3246 solebant
675 3182 732 3263 ⁸¹).
777 3187 825 3248 Ac
839 3183 892 3247 vel
914 3205 1011 3250 naves
1028 3186 1120 3248 etiam
1144 3182 1236 3268 Cyro
1253 3185 1357 3270 Ephe-

304 3288 369 3350 sios
392 3286 578 3371 praebuisse
601 3288 669 3350 veri
691 3285 776 3350 hesed
800 3286 949 3352 dissimile
973 3297 1021 3352 est
1036 3288 1085 3368 ⁶²)
1108 3290 1223 3367 (401).

268 3455 275 3464 ,
389 3387 481 3475 Cyro
492 3410 571 3454 vero
588 3389 628 3454 ad
641 3388 773 3454 Cuuaxa
787 3394 873 3455 vieto
890 3401 922 3455 et
932 3392 1110 3470 interiecto,
1125 3415 1162 3455 ec
1174 3393 1357 3479 Tissapher-

305 3512 355 3570 ne,
378 3495 428 3554 eui
443 3512 563 3571 omues,
586 3502 618 3556 et
641 3515 718 3578 quas
740 3497 808 3579 ipse
825 3493 901 3558 olim
924 3503 957 3560 et
980 3517 1056 3581 quas
1073 3493 1181 3582 Cyrus
1202 3505 1356 3573 tenuerat,

263 3660 267 3672 ,
305 3597 491 3679 provinciae
513 3617 621 3660 rursus
644 3596 777 3662 traditae
801 3608 899 3676 erant,
921 3599 1067 3664 omnibus
1085 3600 1204 3665 viribus
1228 3600 1270 3664 ad
1292 3598 1356 3664 bel-

306 3697 370 3763 lum
393 3719 429 3762 se
449 3701 636 3788 accingente
652 3699 709 3782 ⁸³),
731 3695 898 3788 tantopere
914 3705 1020 3784 erevit,
1043 3703 1131 3792 quod
1147 3704 1291 3794 elingere
1307 3725 1356 3768 co-

378 3946 430 4012 57)
449 3951 531 4000 raus.
549 3951 598 4018 vr,
615 3948 643 4018 e,
663 3949 705 4002 15.
759 3947 813 4018 ss)
833 3953 903 4005 xen.
922 3953 998 4018 cyri.
1017 3923 1119 4020 expes.
1138 3958 1160 4024 1,
1180 3953 1206 4024 1,
1225 3953 1252 4008 e.
1307 3949 1355 4017 ss)

306 4035 377 4084 xeo.
395 4037 512 4092 Arabes
530 4036 553 4103 1,
573 4033 597 4088 1.
675 4033 915 4107 6⁰)Xeu.11,2,
934 4040 959 4093 6.
978 4055 1054 4105 saep.
1134 4038 1187 4108 er)
1203 4044 1277 4093 Xer.
1296 4041 1355 4092 ibid.

306 4116 359 4186 62)
379 4119 421 4173 04.
439 4123 556 4174 Anchoe.
575 4125 603 4190 1,
621 4122 649 4192 l,
667 4122 694 4174 2.
783 4123 836 4191 63)
855 4121 948 4187 Εὐθὺς
970 4123 1045 4196 ἠξίου
1067 4126 1116 4186 τὰς
1135 4122 1249 4188 Ἰωνικὰς
1272 4127 1357 4183 πόλεις
