2866 4736
1004 273 1022 383 j
1105 283 1155 357 aa

93 463 265 542 praeterea
288 457 372 548 malo
397 457 541 545 Ephesus
569 462 649 524 cirea
679 462 811 527 eandem
839 472 975 531 aetatem
1005 435 1087 532 tacta
1110 472 1154 532 vi·
1226 489 1247 517 ·-

94 559 201 624 detur.
248 559 351 645 Gallis
375 566 458 628 euim
481 572 579 628 totam
605 564 673 630 fere
695 567 801 630 Asiam
829 571 983 634 minorem
1005 573 1155 635 vastanti-

91 663 156 728 bus
180 665 330 760 Brennus
352 667 512 752 Ephesum
541 687 669 754 quoque
697 673 824 735 venisse
852 671 986 739 truditur
1014 695 1152 760 eamque,
1269 683 1272 688 '

92 769 233 855 virginis
256 767 417 854 cujusdam
439 769 623 856 proditione
646 770 771 858 adjutus
795 795 969 861 occupasse
986 777 1056 857 ¹⁰⁰).
1164 780 1169 793 ’

573 1071 601 1156 §.
647 1075 677 1136 6.

89 1202 165 1265 Pars
186 1208 282 1281 tertia3
307 1179 415 1288 Ephesi
435 1210 489 1269 suh
509 1205 665 1271 Persarum
684 1211 808 1291 imperio
828 1211 979 1272 historiam
999 1215 1150 1274 confluens
1230 1227 1232 1236 “

309 1346 312 1350 -
342 1303 413 1364 inde
432 1305 469 1364 ab
491 1324 516 1365 a.
537 1305 596 1367 387
617 1307 767 1386 usquead
786 1327 811 1366 a.
832 1307 900 1367 334.

186 1480 214 1544 Α
228 1479 424 1564 temporibus
438 1483 535 1568 igitur
548 1484 635 1566 pacis
651 1482 858 1549 Antalcideae
880 1466 981 1570 usque
1003 1483 1043 1548 ad
1061 1481 1151 1548 Alex-

91 1582 188 1680 andri
210 1583 322 1670 Magni
345 1583 384 1648 ad
408 1583 580 1649 Granicum
605 1588 770 1652 victoriam
787 1625 826 1638 -
844 1590 1070 1674 quinquaginta
1094 1590 1151 1652 cir-

90 1691 174 1752 citer
188 1705 290 1752 annos
308 1725 347 1736 -
365 1687 511 1774 Ephesus
526 1686 667 1774 subjecta
685 1689 811 1776 quidem
827 1692 931 1756 Persis
948 1701 1015 1756 erat
1037 1713 1076 1754 ac
1097 1694 1149 1756 sti·
1253 1717 1257 1724 ¹

89 1781 275 1876 peu'diaria3
297 1793 511 1855 autonomiam
526 1801 631 1856 tamen
650 1791 866 1880 libertatisque
882 1794 1149 1880 quantulamcum-

91 1915 158 1980 que
181 1896 316 1979 speciem
341 1915 408 1958 earn
431 1913 574 1960 servasse
591 1896 633 1975 ¹),
657 1895 734 1963 iude
756 1908 904 1984 apparet,
931 1898 1019 1984 quod
1043 1909 1075 1964 et
1095 1921 1150 1985 pe·

90 1997 258 2062 culiarium
279 2007 490 2082 tyrannorum
507 1997 722 2066 dominationi
750 2003 882 2087 parebat
911 2012 944 2067 et
969 2001 1149 2068 bellacum

90 2104 207 2168 vicinis
229 2101 358 2188 regibus
381 2100 506 2166 videtur
528 2107 674 2190 gessisse.
719 2104 886 2174 Mausolus
911 2107 1008 2184 enim,
1032 2105 1148 2170 Cariae

89 2227 163 2284 rex,
192 2228 210 2268 a
238 2206 369 2268 Latmiis
398 2225 439 2268 eo
467 2215 633 2289 praetextu
660 2216 821 2271 trecentos
852 2208 967 2272 milites
1002 2208 1148 2294 obtinuit,
1232 2246 1246 2269 a

91 2307 183 2396 quod
204 2319 316 2374 contra
331 2307 498 2394 Ephesios,
521 2307 707 2393 quibuscum
729 2309 849 2376 bellum
871 2331 906 2374 se
927 2331 1041 2397 gerere
1063 2309 1148 2387 dixit,

89 2417 129 2480 iis
151 2411 322 2499 indigeret.

180 2514 336 2603 Pygelam
358 2517 456 2602 igitur
478 2537 512 2582 se
535 2515 694 2601 proficisci
716 2519 874 2598 mentitus,
894 2521 1051 2582 incautam
1074 2518 1147 2606 Lat;
1223 2602 1229 2609 ·

89 2625 227 2686 miorum
249 2620 360 2684 urbem
382 2641 448 2684 uno
477 2623 597 2707 impetu
624 2625 807 2707 occupavit;
834 2621 922 2708 quod
944 2621 1064 2708 bollum
1085 2625 1148 2686 nisi

89 2745 204 2790 revera
227 2747 297 2788 cum
313 2724 459 2812 Ephesiis
482 2728 640 2811 gessisset,
665 2747 720 2790 cur
735 2735 896 2790 trecentos
910 2727 1025 2792 milites
1042 2729 1071 2790 ei
1086 2725 1146 2790 trass
1163 2772 1168 2778 ·

89 2829 231 2894 diderint
258 2829 384 2905 Laeuii,
413 2829 464 2890 vix
492 2827 687 2916 intelligitur.
735 2828 880 2908 Accedit,
904 2830 991 2916 quod
1014 2841 1047 2895 et
1067 2832 1145 2896 Pro-

88 2933 190 3019 phyti,
213 2931 424 3017 Ephesiorum
446 2929 544 3008 ducis,
566 2948 685 2996 nornen
706 2935 876 2996 memoriae
900 2933 1034 2999 traditur
1048 2935 1092 3014 ²).

178 3034 279 3120 Quod
293 3055 371 3100 vero
385 3034 424 3098 ad
437 3045 592 3119 tyrannos
608 3039 728 3112 attinet,
743 3045 828 3099 certa
842 3035 969 3120 quidem
984 3048 1056 3102 ante
1068 3037 1145 3120 Syr-

87 3141 222 3225 phacem
233 3142 361 3202 nomina
372 3142 569 3226 ignoramus;
590 3137 687 3200 fuisse
698 3146 804 3224 tamen
818 3147 974 3220 tyrannos
991 3160 1028 3201 ex
1042 3139 1144 3202 Hero·
1220 3221 1221 3224 Ἴ

87 3245 190 3328 pythi,
206 3243 293 3306 urbis
304 3242 484 3306 liberatoris
495 3242 658 3304 mentione
674 3249 811 3326 apparet,
822 3242 873 3302 cui
883 3239 1024 3326 populus
1041 3240 1143 3326 Ephe-

88 3351 151 3412 sius
175 3349 259 3434 grati
282 3349 376 3410 animi
391 3355 628 3411 monumentum
650 3349 683 3409 in
706 3347 777 3432 ipso
801 3343 874 3408 foro
897 3345 1044 3430 posuisse
1060 3343 1143 3406 affir-

88 3453 252 3536 matur³).
298 3451 336 3515 ln
359 3453 537 3516 universum
567 3458 670 3515 autem
694 3441 852 3535 Ephesios
880 3447 1033 3513 libertatis
1056 3470 1143 3514 recu-

88 3681 114 3728 p.
130 3663 196 3717 682.
215 3664 294 3716 Dind.
313 3623 365 3730 ¹(ih.
384 3667 432 3732 Ν,
452 3653 534 3729 688.).
564 3694 593 3704 ·-
623 3665 812 3717 Wachsmuth.
836 3667 868 3715 Η.
888 3667 919 3716 Α.
939 3665 968 3732 1,
986 3662 1014 3731 2,
1032 3678 1058 3726 p.
1077 3661 1142 3714 236.
1207 3669 1212 3674 “
1296 3634 1301 3639 .

89 3748 157 3818 loo)
177 3749 323 3814 Glitophon
341 3765 384 3814 ep.
404 3753 474 3802 Plut.
493 3753 593 3820 Parall.
612 3765 639 3827 ο.Ι
656 3753 715 3802 XV.

159 3852 193 3918 1)
212 3858 300 3907 Multo
319 3855 418 3906 nimius
436 3856 465 3907 in
488 3857 681 3920 exprobrandis
704 3857 745 3906 his
769 3856 934 3918 temporibus
959 3857 1002 3904 cst
1020 3854 1141 3904 Waolrs-

89 3946 172 3994 nuth.
197 3945 229 3994 fl.
253 3945 285 3992 Α.
309 3943 336 4008 1,
360 3942 386 4003 2,
410 3957 435 4004 p.
458 3939 519 3992 239.
550 3979 555 3987 .
606 3939 641 4007 2)
665 3944 797 4006 Polyeeu.
822 3944 941 4006 Strateg.
961 3941 1028 4006 vn,
1047 3938 1097 4005 23,
1115 3937 1142 3990 2.

89 4029 267 4092 Ephesiorum
279 4031 339 4107 ¹dur
357 4029 510 4091 Prophytua
535 4031 696 4092 appelletur.
784 4023 818 4091 3)
844 4029 950 4080 Arriae.
974 4029 1041 4089 Exp.
1064 4027 1143 4077 Alex.
1241 4047 1245 4053 ·

9 4179 10 4184 ἵ
90 4116 111 4179 1,
132 4113 177 4182 17,
198 4111 241 4164 ll.
