2866 4736
1049 251 1051 258 ’
1108 255 1158 328 33

84 431 159 496 ¹acti
183 439 267 509 sunt,
288 429 375 496 uude
396 433 510 498 iterum
531 431 698 518 Smyrnam
721 447 918 522 occupammt
933 439 974 518 6).
1020 437 1093 523 Qua
1109 461 1156 504 ra-

93 537 189 600 tione
213 534 330 599 factum
354 543 409 614 est,
431 543 468 600 ut
489 535 530 601 ad
545 535 693 602 Aeolicus
715 537 814 604 modo
837 539 933 605 urbes
948 541 1085 628 Smyrna
1106 565 1156 608 re

94 639 219 704 feratur
234 640 277 719 ¹),
298 638 397 702 modo
421 638 462 704 ad
480 640 605 704 Ionicus
621 641 663 720 8),
685 644 720 705 in
743 665 872 728 quarum
895 643 1011 710 foedus
1033 656 1155 732 postea,
1237 677 1242 687 ·

94 743 229 828 Ephesii
251 742 444 827 petentibus,
467 742 636 828 Smyrnaei
654 748 776 831 recepti
790 757 866 811 sunt
881 749 924 829 ⁹).
939 785 990 828 ¹-
1014 747 1155 814 Alteram

95 846 310 932 Ephesiorum
325 845 501 925 coloniam,
524 845 714 912 Elaeuntem
733 847 806 914 dico
824 851 882 931 ¹⁰),
904 851 999 915 simili
1021 851 1155 937 quadam

94 969 133 1012 ex
163 970 275 1028 eausa,
304 952 445 1034 quamvis
474 948 567 1014 aliam
595 971 727 1036 prorsus
756 951 874 1018 referat
902 935 1075 1039 Pythocles
1100 958 1154 1038 ¹¹),

94 1054 256 1140 originem
279 1055 401 1138 cepisse
423 1053 499 1116 mihi
528 1053 654 1139 quidem
675 1064 847 1140 propterea
873 1059 1154 1126 verisimillimum

95 1166 152 1234 est,
176 1155 267 1241 quod
289 1156 446 1240 scymnus
470 1156 570 1222 Chius
588 1159 633 1238 ¹¹)
657 1156 846 1222 Elaeuntem
862 1161 972 1224 Teium
994 1161 1154 1228 coloniam
1187 1223 1190 1226 .

95 1257 249 1345 appellat.
294 1260 368 1324 Hoc
391 1263 474 1324 enim
496 1263 540 1324 ita
564 1283 634 1326 cum
656 1259 825 1346 Pythoclis
844 1267 1028 1330 narratione
1050 1270 1155 1332 conci-

96 1361 169 1426 hari
183 1372 303 1448 potest,
325 1374 362 1428 ut
376 1365 457 1444 Teii,
480 1375 561 1449 q'uos
582 1367 617 1428 in
639 1367 796 1429 civitatem
813 1366 942 1452 Ephesii
956 1379 1154 1455 receperunt,

93 1469 207 1529 nescio
232 1488 324 1551 quam
347 1467 390 1535 ob
407 1489 540 1548 causam,
563 1468 725 1558 Ephesum
739 1468 924 1554 reliquerint
947 1480 979 1535 et
994 1471 1076 1536 duee
1091 1473 1155 1538 He-

94 1572 274 1656 gesistrato‘
291 1569 479 1636 Elaeuntem
504 1570 719 1650 condiderint,
750 1594 832 1658 quae
859 1563 925 1638 hac'
940 1578 1066 1649 ratione
1088 1597 1153 1661 quo

96 1675 170 1758 jure
194 1675 271 1737 Teia
294 1673 418 1740 dicatur
440 1672 577 1754 colonia,
599 1679 740 1759 quamvis
755 1677 967 1762 Ephesiorum
989 1681 1037 1756 sit,
1059 1678 1153 1744 facile

96 1779 289 1861 perspicitur
305 1778 331 1814 ¹³
341 1780 364 1859 ).

185 1879 237 1944 Ad
258 1883 447 1945 remotiores
469 1873 569 1966 porro
592 1878 746 1960 colonias,
769 1881 924 1968 siquidem
938 1885 1002 1948 hoc
1023 1887 1153 1950 nomine
1191 1869 1193 1876 ¹

96 1987 144 2048 uti
166 1982 252 2064 lieet,
276 2005 332 2049 eae
354 1983 541 2049 referendae
558 1992 641 2063 sunt,
663 2007 741 2070 quas
757 1989 939 2052 commercii
961 2009 1055 2052 causa
1078 2010 1154 2054 con-

96 2087 249 2152 diderunt
285 2088 445 2174 Ephesii,
467 2087 578 2174 quales
615 2097 690 2152 sunt
723 2089 933 2174 Ephesiorum
969 2101 1083 2176 portus
1119 2095 1154 2156 in

95 2193 203 2256 Ponto
224 2193 280 2273 ¹⁴),
302 2191 405 2256 insula
428 2192 574 2278 Ephesus
602 2195 636 2256 in
662 2190 740 2256 Nilo
758 2193 806 2274 ¹⁵)
835 2192 980 2277 aliaeque
1006 2193 1153 2272 fortasse,
1177 2186 1181 2193 “

44 2369 49 2380 ¹
98 2315 232 2380 quorum
263 2297 392 2360 nomina
419 2297 590 2360 memoriae
617 2315 684 2358 non
713 2293 828 2359 tradita
858 2304 932 2359 sunt
948 2295 1004 2375 ¹⁶).
1041 2332 1081 2349 -
1116 2295 1153 2360 ln

169 2539 203 2607 6)
222 2545 325 2595 Herod.
342 2545 365 2611 1,
384 2542 445 2596 156.
463 2567 500 2580 -
516 2545 598 2596 Pauo.
616 2547 684 2614 vn,
703 2545 735 2614 5,
760 2544 784 2596 l.
803 2541 927 2616 Σμύρναν
946 2525 1154 2606 ......’1’ωνες

96 2633 122 2680 lu
141 2627 304 2700 Κολοφῶνος
323 2628 487 2703 ὁρμηθέντες
502 2624 664 2702 ἀφελόμενον.
737 2626 770 2697 7)
789 2634 889 2684 Herod.
902 2633 924 2699 l,
943 2629 1003 2683 149.
1020 2657 1057 2692 ,-
1071 2635 1154 2686 Paua.

58 2785 62 2789 ἱ
95 2717 116 2766 1.
134 2718 155 2766 1.
228 2711 265 2781 8)
284 2719 366 2780 Gyge
389 2721 522 2796 regnante
540 2715 684 2782 smyrnaei
701 2715 761 2784 jam
778 2719 861 2770 Iones
883 2720 1054 2782 appellantur
1072 2721 1154 2776 Paus-
1193 2719 1197 2726 ’

97 2803 147 2869 lV,
165 2798 212 2868 21,
230 2800 257 2852 5.
274 2827 311 2838 -
329 2803 365 2853 cr.
390 2803 484 2854 Muell.
509 2805 528 2854 l.
546 2805 565 2854 l.
589 2819 615 2866 p.
640 2803 682 2868 74.
701 2829 737 2840 -
754 2808 847 2856 Herm.
871 2799 896 2871 §.
916 2803 964 2872 76,
985 2801 1027 2855 16.
1046 2820 1072 2869 p.
1093 2803 1155 2857 165.

98 2911 131 2924 ·-
150 2889 341 2940 Wachsmuth.
363 2889 397 2938 11.
420 2891 453 2938 A.
475 2888 504 2954 1,
528 2887 553 2940 1.
576 2904 603 2952 p.
627 2887 687 2940 114.
771 2887 806 2955 9)
825 2893 923 2943 strabo
945 2893 1020 2960 xlv,
1047 2905 1072 2954 p.
1092 2890 1154 2942 642.

100 2970 152 3036 16)
173 2975 204 3024 In
224 2974 395 3026 Chersoneso
423 2973 539 3024 Thracio
565 2990 656 3043 „quae
684 2973 743 3028 finit
769 2969 997 3042 Hellespontum“
1024 2979 1154 3040 Pompon.

101 3061 178 3110 Mela
194 3062 229 3129 11,
247 3061 274 3112 2.
365 3053 418 3124 11)
436 3051 585 3122 P'yt-hocles
607 3062 714 3136 Samius
740 3077 784 3126 sp.
807 3066 945 3115 Plutarch.
963 3065 1064 3113 Parall.
1083 3063 1154 3112 xm.

98 3141 313 3215 Ἡγησίστρατος,
332 3137 396 3215 ἀνὴρ
413 3139 527 3214 Ἐφέσιος
549 3145 672 3214 ἐμφύλιον
697 3147 777 3215 φόνον
801 3147 899 3216 δράσας
921 3151 1012 3214 ἔφυμεν
1036 3149 1072 3203 εἰς
1090 3143 1156 3198 Λελ-

99 3231 167 3300 φοὺς
182 3257 222 3269 -
238 3237 268 3284 et
285 3237 400 3296 eccepto
419 3231 524 3283 oraculi
545 3244 679 3294 responso
697 3255 734 3268 —
752 3235 847 3284 ἔκτισεν
869 3231 944 3284 πόλιν
971 3231 1016 3281 καὶ
1039 3225 1156 3283 ἐκάλεσεν

96 3311 264 3371 Ἐλαιοῦντα.
337 3316 390 3384 12)
414 3322 492 3384 Apud
511 3319 641 3372 Marcion.
661 3319 817 3370 Heracleot.
836 3333 861 3368 v.
881 3314 941 3368 166.
964 3314 1053 3384 τηῖκὴν
1075 3309 1156 3368 ἄπον-

97 3407 165 3469 κίαν,
185 3407 256 3469 quod
274 3407 350 3457 nullo
364 3403 430 3472 jure
447 3405 474 3456 iu
494 3399 602 3471 ἅττικὴν
615 3407 769 3456 mutandum
789 3410 884 3456 censet
896 3403 1003 3454 Berkel.
1016 3405 1049 3454 ad
1063 3405 1155 3466 steph.

75 3493 165 3554 ‚Ityn
181 3507 210 3562 ¹s.
228 3507 254 3542 v.
274 3485 365 3559 „'El.“
437 3489 488 3556 13)
507 3492 639 3556 Ambigue
651 3494 740 3544 Raoul
753 3493 836 3544 noch.
854 3493 905 3542 1.1.
924 3493 1008 3558 „tous
1026 3491 1068 3540 les
1086 3491 1157 3540 deux
1177 3485 1182 3493 “

62 3621 75 3656 Ι.
98 3573 180 3642 (Teii
199 3574 228 3628 e't
240 3573 370 3644 Ephesii)
389 3581 417 3630 la
435 3573 581 3630 funderent
592 3574 610 3628 ia
621 3577 724 3642 parties
737 3569 861 3642 egeles“.
935 3571 987 3642 14)
1005 3576 1076 3643 „uui
1089 3589 1157 3627 con-

98 3663 189 3714 tinens
207 3665 319 3728 longum
338 3663 416 3716 littus
428 3669 556 3716 vocatum
574 3667 618 3716 est
630 3664 806 3728 Ephesiorum
820 3665 945 3726 portusa
963 3663 1056 3714 multis
1067 3665 1157 3725 Ephe-

98 3750 201 3800 siorum
225 3751 338 3802 navibus
363 3754 415 3801 huo
438 3745 581 3814 appulsis‘
598 3751 714 3814 Dionys.
742 3753 840 3801 Thrac.
859 3752 892 3800 de
910 3751 1007 3800 hhrac.
1025 3751 1157 3810 Bosporo.

98 3837 212 3887 Hndron
231 3837 281 3905 111,
301 3851 326 3900 p.
347 3834 390 3886 17.
462 3834 514 3902 15)
532 3840 689 3888 Hecataeus
698 3837 756 3887 Mil.
775 3851 819 3900 up.
832 3839 924 3899 steph.
942 3849 966 3886 ε.
977 3851 1004 3885 v.
1017 3857 1053 3869 -
1070 3835 1158 3884 Klau-

98 3935 149 3973 sen
166 3924 248 3988 frgrn.
266 3921 329 3975 286.
348 3923 393 3987 qui
412 3925 445 3974 ad
463 3926 534 3975 hunc
551 3926 656 3974 locum:
680 3923 839 3990 „probabile
859 3926 902 3973 est
920 3922 987 3972 sltca
1006 3917 1091 3970 hrisse
1109 3922 1159 3970 hus

100 4008 206 4060 insulas
219 4010 247 4060 in
260 4009 363 4061 vicinia
372 3993 485 4079 Cauobi,
498 4011 543 4062 nbi
554 4013 720 4062 Graecorum
732 4011 811 4060 erant
825 4000 950 4060 coloniae
963 4008 990 4058 in
1001 3999 1160 4073 Aegypto“.

101 4090 153 4161 16)
172 4097 289 4160 Propter
306 4109 449 4165 sumnum,
474 4093 669 4162 quospiam
693 4094 808 4148 tlorebat
832 4097 1011 4148 mercaturae
1025 4105 1160 4148 commer-

936 4179 957 4241 3
