2910 4726
1092 296 1163 372 lte

13 549 14 562 χ
105 469 218 560 quales
234 471 364 538 ordines
380 473 560 538 choriorum
577 474 783 564 diriguntur),
806 473 916 544 decem
937 473 1005 545 iere
1028 479 1069 546 ad
1085 481 1165 548 duo·

103 575 209 642 decim
232 576 333 662 pedes
356 576 410 642 alti
433 577 550 658 (Proh.
577 579 651 644 130.
676 583 761 662 131)
790 603 941 648 summum
965 582 1097 650 Corcs'ei
1117 589 1165 672 ju-
1203 583 1208 602 '

13 691 14 708 ¹
102 703 179 768 gum
204 701 366 766 occupans
390 703 408 746 a
431 680 561 746 meridie
585 681 632 746 ad¹
641 689 888 770 septentrionem
913 697 945 751 et
966 685 1164 754 occidentem

102 805 216 848 versus
247 786 383 848 excurrit
412 787 474 864 (l)
504 806 604 870 usque
634 785 673 850 ad
703 809 834 873 parvam
862 789 948 854 illam
978 791 1164 873 convallem,

102 909 197 972 quam
223 885 396 952 Coressum
428 887 467 951 ab
490 889 657 956 Athenaeo
686 881 861 956 moirticulo
891 913 1040 978 separare
1069 915 1165 981 supra

101 989 240 1056 vidimus
263 993 311 1071 (c.
334 991 408 1076 1,§.
431 994 461 1070 2,
484 1013 515 1056 n.
541 996 591 1056 ll.
618 996 693 1074 12),
723 993 780 1058 uhi
807 1004 901 1080 porte
925 1005 973 1060 est
994 996 1164 1064 admodum

103 1098 249 1180 antiqua,
278 1093 389 1180 pulcra
418 1105 524 1160 tamen
552 1106 707 1161 structura
737 1109 770 1160 et
800 1101 920 1184 optime
943 1109 1067 1164 servata
1090 1103 1163 1185 (2).

104 1201 189 1263 Tum
212 1219 320 1262 murus
344 1196 458 1262 eodem
482 1209 583 1264 tractu
600 1201 795 1264 Athenaeum
818 1201 969 1280 ascendit,
993 1205 1036 1266 ita
1058 1213 1094 1266 ut
1108 1204 1164 1268 hu-

102 1305 153 1388 jus
177 1323 252 1388 pars
275 1301 533 1386 septentrionalis
562 1306 644 1368 intra
666 1307 747 1368 muri
770 1307 932 1388 circuitum
956 1309 1164 1387 contineatur,

103 1404 322 1470 meridionalis
352 1415 455 1468 autem
487 1415 518 1470 et
547 1406 753 1472 occidentalis
788 1417 874 1472 extra
908 1408 993 1472 hune
1020 1409 1163 1474 relictum

103 1514 144 1574 sit
167 1503 242 1590 (Td
264 1504 452 1590 Ἀθήναιον
475 1503 511 1573 rd
535 1509 595 1575 νῦν
616 1507 675 1589 ἔξω
691 1511 750 1589 τῆς
763 1505 889 1586 πόλεως
904 1504 943 1576 ὅν
958 1512 1062 1576 Strah.
1078 1514 1155 1576 XIV

13 1663 14 1668 1
103 1639 133 1700 p.
158 1615 256 1691 610).
299 1627 311 1644 “

193 1717 324 1780 Summo
348 1717 444 1800 igitur
459 1716 615 1782 Athenaei
639 1715 766 1805 lastigie
790 1729 948 1804 occupato
972 1717 1013 1782 ad
1035 1729 1164 1805 septen-

103 1825 241 1886 trionem
266 1829 297 1883 et
319 1817 494 1902 paullulum
518 1830 638 1886 tautum
669 1821 708 1886 ad
738 1821 936 1886 occidentem
965 1845 1071 1887 murus
1094 1845 1165 1889 ver-

104 1929 151 2013 git
180 1935 215 1988 et
242 1924 474 2008 prominentem
504 1923 660 2008 quandam
691 1926 845 1988 Athenaei
880 1935 1000 2010 partem
1035 1937 1162 1991 secutus

103 2050 209 2116 prope
231 2030 331 2112 ipsam
348 2025 560 2091 declivitatem
583 2031 616 2091 iu
639 2031 747 2092 turrim
772 2027 955 2112 quadratam
979 2031 1049 2107 exit,
1071 2041 1103 2094 et
1117 2033 1164 2116 ip-

104 2155 170 2196 sam
194 2130 289 2194 valde
312 2132 479 2214 antiquam,
502 2141 639 2216 quatuor
660 2153 799 2194 cameras
823 2141 975 2216 angustas
999 2135 1164 2196 continen-

104 2248 167 2300 tem
198 2233 380 2320 pulcrisque
408 2235 509 2318 portis
538 2244 696 2312 ornatam,
731 2255 811 2318 quae
839 2231 938 2319 vulgo
967 2233 1043 2300 Divi
1072 2234 1163 2299 Pauli

105 2361 214 2403 cercer
235 2336 323 2401 audit
345 2339 417 2418 (3).

195 2441 245 2506 Ab
277 2441 336 2504 hac
364 2442 442 2504 turri
470 2460 581 2526 rupem
610 2439 784 2525 proclivem
815 2438 981 2505 descendit
1007 2449 1039 2504 et
1060 2451 1163 2511 tracto

103 2545 280 2633 paullulum
303 2547 335 2608 in
352 2543 501 2632 angulum
524 2543 685 2608 meridiem
708 2563 818 2608 versus
841 2543 967 2622 inflexo,
990 2565 1050 2628 qua
1072 2553 1166 2630 parte

105 2661 198 2737 porta
224 2649 322 2712 fuisse
344 2647 469 2712 videtur
490 2650 552 2727 (4)
575 2647 636 2726 (cl.
661 2670 686 2712 c.
710 2648 741 2729 1,
764 2647 793 2732 ἓ.
816 2649 852 2724 3,
875 2667 906 2710 n.
930 2649 994 2727 33)
1019 2657 1051 2712 et
1071 2647 1163 2733 palus

103 2773 279 2841 permagna
302 2755 361 2816 sita
384 2762 440 2829 est,
462 2751 518 2816 ubi
540 2761 652 2836 portus
679 2749 839 2836 quondam
863 2760 930 2816 erat
951 2751 1099 2829 inferior,
1119 2749 1163 2814 ad

105 2860 358 2944 septentrionem
381 2855 489 2920 denuo
512 2850 616 2942 vergit
638 2865 671 2919 et
693 2855 733 2920 ad
757 2853 956 2921 occidentem
977 2875 1163 2942 magnarum

104 2962 229 3027 illarum
264 2961 530 3024 substructionum
562 2962 689 3036 transit,
723 2982 800 3044 quae
834 2960 916 3024 inira
949 2958 1163 3024 describemus

105 3070 199 3146 (19).
261 3065 357 3128 Hisce
385 3061 504 3126 relictis
533 3059 574 3122 ad
605 3063 759 3124 orientem
789 3064 892 3124 statim
924 3061 1094 3124 inclinatur
1123 3071 1163 3137 et,

104 3173 228 3258 magnis
254 3168 387 3232 arcubus
410 3166 470 3228 hac
491 3149 581 3248 parte
609 3165 780 3228 instructus
805 3165 865 3242 (5)
896 3172 928 3226 et
949 3163 1039 3247 parvi
1062 3163 1164 3246 cujus·

106 3274 177 3338 dam
200 3271 366 3362 monticuli
394 3273 503 3356 jugum
533 3276 659 3332 secutus
689 3265 729 3330 ad
752 3276 877 3352 portam
903 3268 965 3330 exit
986 3266 1077 3344 (ha),
1100 3285 1163 3348 qua

105 3399 202 3463 supra
226 3398 251 3439 c.
274 3376 298 3455 l,
320 3375 347 3460 ξ.
370 3375 400 3453 3,
424 3395 454 3436 n.
470 3374 513 3437 39
537 3370 766 3456 Colophonem
789 3367 1064 3456 proficiscentibus
1080 3369 1162 3430 viam

105 3482 204 3544 fuisse
233 3479 375 3544 diximus.
421 3477 523 3562 Supra
553 3475 648 3553 hanc,
677 3484 779 3538 tractu
809 3495 876 3538 non
905 3481 1027 3536 mutato
1056 3491 1163 3535 murus

16 3625 22 3634 ·
105 3583 235 3670 longius
258 3581 433 3668 paullulum
458 3583 593 3645 excurrit
616 3589 648 3644 et
669 3577 830 3644 meridiem
853 3597 963 3642 versus
986 3575 1164 3656 inclinatus,

105 3715 309 3728 .....-.---—-

179 3769 232 3838 (1)
251 3771 361 3822 Hamilt.
380 3785 407 3833 p.
426 3767 470 3820 26.
505 3770 586 3820 Proh.
606 3780 632 3832 p.
651 3767 703 3820 118
721 3772 804 3820 cnett.
874 3760 927 3834 (2)
946 3765 1056 3816 Humilt.
1074 3779 1100 3828 p.
1119 3763 1163 3814 27.

106 3854 161 3926 (3)
181 3859 321 3910 Prokesclr
338 3871 364 3918 p.
384 3853 445 3907 116.
466 3854 516 3907 117
534 3858 606 3908 inico
624 3857 693 3906 hanc
711 3855 806 3906 turrim
825 3853 990 3916 temporibus
1001 3849 1164 3914 Byzantinis

13 3975 14 3984 .
107 3941 277 3996 aedificatam
297 3941 677 4007 oensu1t3adantiqoiseima
699 3940 773 3992 urbis
796 3943 919 4003 tempore
942 3949 1001 3988 eam
1025 3935 1164 3999 pertinere

107 4034 301 4082 exstructum
324 4027 446 4092 inprimis
469 4033 608 4091 portarum
631 4031 760 4096 apparet,
782 4037 849 4090 quaa
871 4023 1020 4074 delineavit
1041 4021 1164 4084 Kiepcrt.

107 4118 256 4180 Dallaway
274 4113 336 4166 221.
372 4117 492 4166 Arundel
509 4115 583 4166 Dice.
602 4129 629 4177 p.
640 4111 703 4166 256.
775 4103 909 4177 (l-he)
928 4107 1040 4234 cpondl.
1051 4122 1078 4173 p.
1092 4105 1153 4167 165.

117 4225 121 4231 ’
890 4193 932 4254 12
