2916 4722
1054 285 1060 292 '
1121 277 1192 350 105

136 477 201 542 que
225 477 294 521 cum
318 456 386 520 aliis
408 457 588 522 numinibus
615 478 697 522 nexu
720 456 853 523 dicenda
876 460 969 524 nobis
992 460 1190 527 videbantur.

136 560 275 644 Quibus,
298 582 390 644 qoam
412 560 596 624 brevissime
618 561 690 625 fieri
711 566 830 648 potuit,
858 585 895 626 ex
918 567 1004 627 omni
1025 576 1116 650 parte
1138 565 1193 629 ab·

135 661 268 742 solutis,
296 685 391 748 quum
420 666 481 749 jam
512 663 553 728 ad
582 677 726 729 externas
753 665 856 730 cultus
878 669 1020 731 rationes
1042 671 1083 732 sit
1105 689 1192 732 acce-

135 763 293 844 dendum,
315 773 427 844 restat,
455 775 492 830 ut
514 776 546 831 et
568 767 609 832 de
631 768 849 832 sacerdotibus
873 769 1026 848 dicamne,
1050 780 1090 848 et,
1112 791 1192 834 non-

134 867 235 932 nullis
258 867 299 932 de
321 871 393 954 ipso
416 868 503 934 cultu
519 869 657 956 adjectis,
682 869 723 934 de
744 870 832 934 festis
847 870 960 937 diebus
982 895 1021 936 ac
1041 872 1125 938 ludis
1141 893 1192 937 so-

86 976 89 980 ’
135 970 288 1035 lennibus
316 972 442 1036 Dianae
470 973 628 1059 Ephesiae
662 972 845 1065 celebratis!
896 975 947 1039 De
980 979 1052 1061 ipso
1087 983 1191 1040 autem
1237 967 1242 975 ’

136 1073 275 1159 templo,
305 1083 460 1159 quatenus
489 1074 530 1139 ad
559 1085 657 1140 artem
686 1079 855 1162 spectavit,
888 1080 922 1141 in
951 1081 1061 1164 capitis
1090 1081 1192 1164 quarti

137 1187 233 1263 parte
255 1176 395 1242 secunda
419 1176 558 1244 dicemus
573 1178 620 1264 §§.
647 1183 675 1243 1.
697 1181 728 1244 2.

613 1355 641 1442 ς.
685 1358 717 1422 9.

228 1488 274 1552 Ut
296 1491 517 1574 antiquissimis
539 1488 601 1554 illis
624 1489 665 1554 ad
681 1489 853 1576 Caystrum
876 1493 972 1554 sacris
995 1489 1043 1574 (§.
1062 1490 1111 1568 l.)
1131 1491 1192 1552 vir-

136 1593 231 1679 gines
253 1593 435 1657 inserviisse
457 1595 571 1657 scimus
589 1593 628 1672 ¹),
650 1595 804 1681 virgines,
828 1591 882 1657 vel
904 1595 1004 1680 ipsius
1027 1593 1119 1657 Deae
1141 1613 1192 1655 ca·

136 1698 245 1758 stitatc
280 1697 441 1782 exigente,
474 1698 624 1781 propriae
657 1697 782 1760 Dianae
815 1695 973 1780 Ephesiae
1006 1693 1190 1760 sacerdotes

137 1818 265 1882 semper
286 1808 469 1862 manserunt
492 1799 551 1878 (cl.
573 1799 656 1864 inlra
681 1821 712 1864 n.
736 1800 911 1879 35-56).
956 1797 1063 1882 Quum
1085 1808 1191 1862 tamen

135 1909 272 1987 propter
292 1900 400 1986 templi
422 1901 670 1988 magnitudinem
693 1925 730 1966 ac
750 1901 804 1966 vel
824 1904 908 1966 inter
929 1905 1116 1990 peregrinos
1139 1923 1193 1966 an-

137 2007 317 2068 ctoritatem
340 2025 445 2088 neque
466 2008 581 2070 rituum
605 2009 744 2074 omnium
767 2027 850 2096 cura,
876 2027 937 2072 nec
951 2028 1040 2091 quae
1063 2005 1191 2070 adrem

122 2106 297 2194 ‘publicam
320 2106 556 2192 quodammodo
585 2109 787 2195 spectabant;
816 2130 946 2172 munera
972 2107 1192 2186 sacerdotalia,
1222 2167 1229 2194 ⁸

136 2221 173 2275 ut
194 2210 352 2275 redituum
369 2221 400 2275 et
416 2215 621 2298 pecuniarum
637 2211 851 2296 depositarum
867 2209 1103 2288 administratio,
1125 2211 1193 2274 foe-

136 2315 231 2378 minis
265 2317 403 2400 permitti
437 2317 632 2402 potnissent,
667 2313 774 2379 viriles
809 2334 937 2400 quoque
965 2313 1056 2376 Deae
1091 2333 1193 2376 sacer-

138 2417 234 2482 dotes
264 2420 297 2481 in
328 2417 415 2482 cultu
444 2417 630 2482 admittendi
659 2426 758 2482 erant
808 2419 905 2480 Hisce
934 2437 1012 2480 vero
1035 2437 1192 2482 unacum

136 2521 314 2610 virginibus
337 2542 425 2586 saera
449 2521 752 2600 administrantibus,
775 2518 891 2606 quodsi
914 2528 946 2584 et
968 2517 1052 2584 coeli
1073 2529 1193 2606 tempe-

137 2628 225 2704 riem,
249 2635 280 2689 et
302 2646 425 2691 morum
454 2628 487 2688 in
517 2625 565 2688 bis
592 2624 778 2712 regionibns
807 2622 1049 2689 dissolutionem
1072 2632 1193 2709 specta·

137 2751 217 2808 mus,
239 2728 358 2793 multae
380 2750 457 2793 sane
479 2728 627 2793 licentiae
657 2749 675 2793 e
703 2738 858 2816 perpetua
886 2730 946 2792 ista
970 2729 1193 2791 communione

139 2843 230 2898 ortae
253 2833 401 2912 luissent,
431 2841 476 2913 et,
505 2854 547 2897 ne
577 2855 594 2896 a
624 2833 855 2920 virginibus
877 2832 968 2896 Deae
995 2829 1097 2896 cultus
1120 2850 1194 2894 rnox

137 2935 235 3022 plane
251 2934 458 3014 desereretur,
479 2935 574 3000 valde
597 2935 770 3000 timendum
794 2946 869 3014 erat,
883 2937 944 3000 nisi
958 2933 1106 3012 remedia,
1128 2936 1195 3019 qui-

138 3037 200 3104 bus
222 3042 301 3104 istae
323 3044 556 3116 coercerentur,
578 3037 718 3102 adhibita
742 3039 884 3102 luissent.

228 3142 335 3227 Quum
357 3164 435 3208 vero
459 3163 477 3205 e
500 3142 661 3204 contrario
684 3161 802 3201 summa
826 3159 896 3202 cum
919 3157 992 3200 cura
1016 3157 1054 3198 ac
1077 3138 1194 3199 severi·

139 3253 204 3309 tate
227 3265 351 3310 morum
372 3246 515 3332 probitas
538 3245 632 3330 atque
661 3243 786 3304 castitas
808 3238 1007 3304 sacerdotum
1031 3257 1194 3300 servaren-

140 3359 191 3414 tur
214 3349 274 3429 (cf.
298 3351 379 3414 inira
402 3371 433 3412 n.
451 3349 621 3426 ezr-50),
645 3342 735 3408 aliter
753 3343 823 3408 lieri
838 3347 890 3408 vix
905 3345 1018 3429 potuit,
1043 3341 1118 3426 quin
1134 3343 1194 3406 viri

140 3452 181 3518 ud
195 3475 327 3518 munera
343 3451 553 3518 sacerdotalia
567 3447 800 3522 adhiberentur,
823 3451 876 3534 qui
898 3449 976 3510 viri
998 3465 1111 3526 revera
1126 3465 1194 3508 non

141 3568 241 3622 erant.
295 3556 361 3640 Qui
383 3579 486 3641 quum,
509 3575 551 3618 ne
573 3552 672 3618 foedo
696 3554 895 3616 castrationis
918 3572 977 3615 usu
999 3551 1060 3634 ipsi
1076 3547 1193 3614 Graeci

139 3681 210 3725 sese
232 3663 442 3746 inquinarent,
466 3681 502 3723 ex
526 3657 593 3720 aliis
609 3657 700 3722 terris
717 3657 760 3736 ²),
781 3656 837 3719 ubi
854 3656 954 3742 magis
976 3657 1037 3717 ista
1060 3672 1194 3716 consue·

140 3763 219 3828 tudo
244 3772 375 3849 accepta
398 3769 479 3840 erat,
503 3760 629 3825 collecti
652 3759 875 3846 Ephesumque
905 3758 1046 3821 arcessiti
1068 3755 1194 3831 fuerint,

211 4005 246 4074 l)
264 4012 346 4062 Paua.
366 4011 427 4075 Vll,
445 4007 473 4071 2,
491 4007 518 4061 8.
531 4036 561 4050 -
575 4008 617 4060 cf.
635 4004 660 4074 ξ.
679 4003 722 4075 13,
742 4021 767 4058 n.
780 4008 828 4057 lv.
898 3999 933 4071 2)
952 4001 1133 4069 Πανταχόθεν
1151 4015 1194 4064 up.

141 4097 231 4148 strae.
250 4097 325 4164 xrv,
343 4109 369 4159 p.
388 4091 449 4146 ura.
