2910 4726
1087 293 1156 368 166

104 473 200 540 dibus
223 471 310 561 apud
333 483 456 540 veteres
481 473 589 538 extolli
606 471 663 553 ⁵i),
687 491 724 538 ac
739 469 791 538 vel
805 477 887 539 inter
900 474 1048 540 miracula
1066 479 1157 542 etiam

102 578 214 644 mundi
238 602 256 642 a
278 577 413 644 Philone
429 579 609 662 Byzantino
627 579 683 658 58),
706 581 838 665 Hygino
856 580 912 658 ⁵⁹),
937 579 1082 666 Ampelio
1101 580 1158 660 ⁶⁰),

102 682 173 748 aliis
191 684 240 763 61)
263 703 328 746 uno
352 680 489 768 quodam
513 701 673 746 consensu
694 681 827 746 relatum
851 703 928 746 esse.

192 787 314 850 lnteriit
336 795 440 850 autem
464 787 545 848 circa
575 807 690 850 annum
714 785 781 848 fere
805 783 1050 852 ducentesimum
1073 808 1159 852 sexa·

101 891 257 976 gesimam
281 888 452 954 secundum
482 897 556 972 post
579 886 737 952 Christum
761 898 882 965 natum,
911 911 929 952 a
953 888 1082 968 Gothis,
1105 893 1158 974 qui

69 1041 74 1046 ,
103 990 259 1056 Gallieno
288 1001 444 1078 regnante
473 1002 572 1058 totam
602 993 708 1055 Asiam
736 993 890 1056 minorem
923 1001 1086 1056 vastarunt
1101 995 1157 1072 ⁶²),

102 1094 246 1160 funditus
276 1094 411 1159 dirutum
429 1095 491 1172 63);
521 1098 564 1160 ita
594 1106 629 1160 ut
658 1099 699 1160 no'
729 1117 765 1158 ex
795 1096 937 1180 vestigiis
967 1095 1093 1178 quidem
1117 1095 1158 1160 de

102 1201 237 1282 pristina
262 1200 329 1283 ejus
358 1198 592 1287 magnificentia
622 1199 781 1282 conjicere
804 1196 911 1273 liceat,
941 1196 1101 1284 fatumque
1123 1200 1158 1262 il-

103 1300 159 1364 lud
184 1300 341 1386 expletum
365 1305 418 1378 sit,
445 1301 533 1387 quod
556 1299 597 1364 rlo
620 1299 697 1364 urbe
719 1309 828 1364 nostra
853 1298 1012 1384 quondam
1035 1301 1159 1386 praedi-

103 1407 188 1468 cavit
211 1403 335 1488 Sibylla
351 1406 412 1484 ⁶⁴):
797 1416 802 1425 “

163 1510 285 1578 Ὕπτια
308 1511 338 1578 δ’
365 1510 497 1598 οἰμώξει
512 1508 652 1602 Ἔφεσος
674 1509 834 1578 murnaco}
857 1510 935 1600 παρ’
962 1508 1084 1598 ὄχθαις

172 1617 243 1682 Καὶ
265 1610 347 1696 voda
368 1612 512 1696 ζητοῦσά
534 1639 569 1680 τε
592 1613 699 1681 οὐκέτι
719 1612 929 1704 ναιετᾷονταέ
953 1651 996 1666 ·-

576 1827 671 1911 §.a

451 1965 814 2050 lbtflllltllllll.

180 2100 535 2197 nnmnnrnmuan
560 2100 773 2169 nunsula
797 2099 1079 2168 snaucruaa

190 2277 390 2363 Jam'igitur,
413 2299 516 2361 quum,
539 2273 649 2366 templi
671 2276 772 2338 nostri
794 2273 924 2337 historia
948 2285 1100 2351 enarrata,
1119 2273 1158 2337 do

104 2388 260 2443 structura
279 2383 346 2466 ejus
363 2379 530 2444 dicendum
548 2381 596 2456 sit,
621 2387 787 2462 antequam
806 2376 846 2440 ad
860 2377 941 2440 hane
955 2379 1056 2461 ipsam
1072 2397 1159 2440 acce-

104 2481 214 2545 damus
237 2482 321 2546 haud
345 2481 482 2546 alienum
504 2481 632 2544 videtur
653 2503 754 2566 pauca
770 2479 811 2544 de
833 2483 959 2566 generis
974 2480 1075 2542 louici
1098 2483 1160 2544 ori-

103 2587 178 2671 gine
201 2588 411 2670 praemittere.
458 2586 610 2671 Magnum
641 2587 725 2648 enim
748 2584 899 2668 Ephesini
926 2582 1034 2668 templi
1056 2587 1090 2646 in
1113 2605 1159 2646 ar-

104 2691 142 2750 tis
173 2689 303 2751 historia
337 2699 530 2752 momentum
564 2691 597 2750 in
631 2708 670 2751 co
698 2691 895 2776 potissimum
928 2690 1065 2774 positum
1104 2699 1160 2764 cst,

104 2791 191 2875 quod
214 2796 247 2855 in
271 2794 338 2878 ejus
361 2801 517 2856 structura
540 2791 666 2854 lonicus
689 2792 915 2854 architecturae
938 2789 1020 2854 ordo
1045 2801 1076 2853 et
1098 2793 1160 2876 pri-

105 2916 187 2958 nrum
212 2889 391 2980 apparuerit
421 2904 452 2958 et
481 2893 522 2958 ad
550 2916 699 2960 summam
723 2895 951 2980 perfectionem
972 2898 1162 2980 pervenisse

106 3070 305 3080 ——-.-.....

175 3173 227 3239 67)
247 3179 322 3238 Quae
340 3191 420 3242 quum
439 3191 533 3228 ornnes
552 3179 610 3227 lere
628 3179 661 3228 ad
680 3177 746 3229 illud
762 3175 881 3239 Ampelii
898 3179 1012 3228 redeant
1030 3181 1159 3244 „Epheso

106 3259 210 3311 Dianae
234 3264 325 3314 lanum
347 3265 609 3328 nobilissimum,
637 3263 822 3328 maximum,
852 3263 1159 3327 pulcerrimumque

105 3346 199 3396 crbls
219 3343 415 3400 terrarnm“
433 3364 481 3401 eas
500 3351 543 3400 blc
560 3351 666 3400 reterre
683 3361 914 3410 supervacaneum
927 3349 990 3398 mibi
1001 3349 1088 3399 visum
1107 3355 1159 3400 est.

105 3427 158 3496 68)
178 3435 219 3482 Dc
237 3439 340 3496 septem
360 3437 532 3497 Spectaculis
551 3436 644 3486 blandi
663 3449 687 3486 o.
705 3437 767 3486 Vll.
820 3432 874 3499 59)
893 3435 995 3488 Fabula
1013 3434 1157 3486 Gclllllll.

104 3515 156 3581 60)
176 3519 259 3569 leer
276 3521 441 3572 memoriam
459 3535 484 3572 c.
502 3524 564 3572 Vll.
653 3515 706 3585 61)
729 3524 886 3584 anonymus
905 3524 938 3571 ‹le
955 3522 1160 3572 incredibilibus

106 3615 130 3653 c.
149 3605 185 3671 ll,
197 3607 276 3667 apul
294 3607 409 3656 tlaleunr
428 3607 496 3670 opp.
515 3609 603 3670 Mytb.
622 3621 648 3668 p.
667 3604 716 3669 853
735 3609 805 3669 opud
823 3609 1029 3658 westarmann.
1047 3611 1159 3672 Mytlro-

105 3689 203 3752 grapbi
222 3690 321 3741 emaci
339 3705 365 3753 p.
383 3690 447 3758 321,
467 3691 509 3743 10.
570 3687 623 3756 62)
641 3691 768 3744 zosimus
786 3695 809 3756 l,
827 3690 871 3742 26.
908 3693 1054 3756 Eutropius
1072 3695 1120 3761 lll,
1133 3692 1160 3744 8.

64 3775 70 3786 '
106 3770 159 3838 63)
178 3776 333 3826 Trebellius
350 3776 524 3830 Polliovlta
542 3777 661 3831 Gallieni
679 3791 722 3840 ap.
740 3780 855 3830 Salmas.
875 3779 1008 3840 Scriptor.
1022 3779 1160 3829 11136111-

107 3865 181 3923 grrst.
200 3875 226 3922 p.
246 3859 307 3914 718.
341 3866 500 3916 lornarules
518 3867 552 3915 (le
572 3865 653 3914 rebus
672 3863 793 3914 Gothicis
815 3876 839 3912 c.
858 3865 918 3914 xx.
955 3862 996 3912 Cf.
1014 3863 1162 3914 arnobium

107 3948 240 4012 adversus
259 3949 364 3999 Gentes
382 3949 430 4014 Vl,
449 3947 485 3999 23
504 3952 547 4000 ed.
566 3949 651 4000 orell.
670 3949 807 3998 bucellam
826 3950 916 3999 Praei.
939 3951 972 3998 arl
994 3949 1161 4011 Xenophon-

107 4039 161 4082 tem
180 4033 326 4094 npneeium
345 4045 372 4082 n.
393 4031 434 4084 16.
455 4033 496 4084 17.
569 4029 621 4099 ol)
642 4033 769 4084 clemens
787 4015 984 4085 Alexandrinus
1003 4032 1161 4086 Cohortatlu

106 4118 240 4168 abversus
259 4119 364 4170 Gentes
381 4119 457 4170 llonr.
476 4121 497 4184 l,
518 4135 543 4182 p.
563 4118 607 4183 tt,
627 4116 670 4168 la.
