2910 4726
294 293 365 367 172

291 479 418 542 Heraea
435 477 543 541 Samio
566 473 716 560 templum
733 474 925 560 Ephesinum
949 474 1096 550 omnium,
1119 494 1200 558 quae
1224 483 1290 537 tum
1313 477 1345 537 in

291 579 426 646 Graecia
451 589 547 658 erant,
563 581 725 642 maximum
750 577 928 664 appelletur
944 578 1001 656 ¹⁴).
1034 574 1139 639 Aedes
1163 585 1346 661 octasty-

291 685 355 749 los
379 694 452 763 erat,
476 683 677 769 dipteroS,
708 680 925 766 diastylos,
953 679 1204 765 hypaethrus
1221 681 1271 756 ¹⁵)
1293 679 1346 744 de·

291 809 422 872 comque
444 787 598 875 graduum
628 784 782 872 crepidini
810 785 955 869 imposita
973 784 1029 862 16).
1084 781 1239 846 Caeteras
1262 805 1346 846 men·
1442 781 1443 796 ¹

291 911 380 955 suras
404 911 441 954 ex
463 894 509 969 iia,
533 912 614 976 qnae
630 905 725 974 supra
744 887 885 964 diximus,
908 907 945 949 ex
961 883 1118 971 epistyliis
1140 887 1271 972 triginta
1293 908 1345 970 pe·
1442 975 1443 980 η

292 993 384 1058 dibus
407 993 622 1082 longioribus,
653 1015 689 1056 ex
719 990 934 1055 columnarum
963 988 1103 1074 denique
1130 987 1346 1067 crassitudine,

291 1099 323 1161 iu
348 1120 408 1182 qua
433 1108 544 1162 octava
568 1095 742 1160 altitudinis
764 1115 838 1179 pars
853 1091 1016 1178 placuerat
1032 1093 1080 1171 ι7)
1102 1101 1165 1155 tam
1188 1092 1346 1158 subtiliter

292 1199 377 1286 apud
400 1202 536 1265 Hirtium
560 1209 757 1286 computatas
779 1199 938 1273 invenies,
959 1205 994 1260 ut
1016 1198 1085 1281 ejus
1109 1195 1233 1260 calculo
1258 1197 1346 1260 nefas
1442 1251 1443 1282 ,

292 1303 377 1368 foret
400 1304 569 1389 quidquam
596 1303 742 1389 adjicere.

380 1409 468 1471 Haec
491 1429 572 1492 quae
596 1406 726 1471 diximus
748 1407 908 1467 immutata
924 1413 999 1488 post
1019 1400 1200 1466 incendium
1224 1423 1347 1466 manse·

291 1521 379 1586 runt3
402 1532 485 1596 qnae
507 1531 585 1574 vero
608 1519 776 1598 praeterea
795 1509 967 1570 memoriae
988 1505 1105 1582 tradita
1126 1515 1213 1583 sunt,
1236 1517 1273 1568 ut
1296 1525 1346 1568 co-
1442 1541 1443 1560 i

291 1611 466 1677 lamnarum
488 1635 636 1677 numerus
666 1621 760 1696 atque
782 1609 940 1672 caelatura
964 1608 1004 1673 de
1026 1619 1202 1674 restaurato
1225 1608 1346 1694 templo
1442 1635 1443 1676 i

289 1715 501 1804 intelligenda
524 1727 604 1796 sunt,
626 1718 659 1778 in
683 1735 746 1798 quo
770 1712 848 1777 nihil
870 1715 930 1776 nisi
956 1715 1124 1776 interiores
1146 1721 1262 1797 partes,
1287 1711 1346 1776 cel·
1442 1743 1443 1762 1

290 1817 353 1882 lam
370 1830 464 1904 atque
479 1818 744 1904 opisthodomnm,
755 1826 889 1880 mutatas
905 1837 974 1878 esse
990 1837 1084 1901 supra
1099 1819 1160 1902 jam
1177 1814 1319 1878 diximus.
1442 1897 1443 1904 ἵ

379 1920 560 2006 Columnae
575 1924 671 2008 igitur
687 1929 842 1984 eentum
864 1921 1018 2004 viginti
1033 1929 1066 1982 et
1080 1929 1231 2004 septem
1248 1928 1346 1996 erant,
1442 1909 1443 1950 ³

290 2027 374 2087 inter
396 2045 473 2108 quas
496 2028 665 2110 triginta
688 2045 756 2087 sex
778 2021 920 2086 caelatae
938 2023 994 2102 ¹⁸).
1049 2022 1086 2086 lu
1109 2021 1222 2107 quibus
1247 2021 1348 2086 collo·

292 2126 401 2191 caudis
423 2127 505 2190 hanc
527 2130 682 2192 rationem
705 2146 830 2211 sequor.
876 2125 1100 2213 Octoginta
1124 2124 1219 2188 duas
1249 2129 1347 2210 porti-

293 2253 348 2296 cus
371 2230 481 2316 templi
504 2231 689 2295 continebat
707 2240 738 2294 et
753 2248 893 2315 pronaos
910 2230 976 2309 ιο);
999 2231 1173 2314 triginta
1195 2249 1262 2291 sex
1279 2250 1347 2292 cae-

290 2336 370 2400 latas
394 2335 557 2400 columnas
581 2333 621 2398 ad
648 2333 760 2398 cellam
787 2341 992 2396 restauratam
1021 2333 1218 2416 pertinuisse,
1231 2331 1287 2394 vel
1311 2353 1347 2396 ex

291 2440 451 2504 caelatura
481 2449 628 2524 apparet,
657 2459 737 2522 quae
765 2438 893 2500 nonnisi
922 2438 956 2500 in
990 2437 1169 2500 recentiora
1199 2444 1346 2522 tempora
1442 2445 1443 2458 ¹

292 2576 493 2590 -uu-—n--d--n-

265 2687 272 2708 .
291 2649 337 2701 21.
355 2675 391 2685 -
405 2653 469 2702 «lino
487 2663 591 2714 quoque
610 2651 747 2713 pertineat
765 2651 881 2714 Ampelii
902 2651 986 2700 veroa
1003 2663 1028 2700 c.
1046 2651 1098 2700 vll
1117 2649 1260 2716 „introitu
1279 2652 1346 2702 dex·
1442 2663 1443 2704 1

293 2744 336 2788 tra
353 2736 464 2788 sinistra
482 2741 575 2799 postes
592 2737 734 2788 marmorei
759 2736 900 2788 monolithi
922 2735 999 2802 longi
1021 2735 1118 2786 echitis
1135 2728 1221 2785 xx“.
1299 2733 1347 2800 lt)
1442 2719 1443 2754 l

290 2823 327 2887 11,
347 2809 733 2888 lle,1'1mcumnaayrintao
753 2826 954 2883 comparantur.
1020 2809 1022 2814 ’
1038 2817 1088 2887 15)
1108 2821 1235 2883 Dipteros
1255 2825 1346 2872 autem
1442 2819 1443 2900 J

293 2909 447 2969 octastylos
472 2909 500 2956 et
523 2917 626 2968 pronao
650 2909 678 2954 et
700 2906 821 2972 postico,
845 2909 894 2957 sed
918 2906 992 2956 circa
1013 2909 1107 2958 aedem
1126 2907 1248 2970 duplices
1265 2909 1348 2958 hahet
1442 2925 1443 2930 ¹

293 2991 401 3042 ordines
420 2994 615 3058 columnarum,
634 2991 676 3068 uti
694 2996 737 3042 est
755 2993 838 3042 aedes
850 2991 956 3052 Quirini
967 2993 1068 3043 Dorica
1085 2997 1114 3044 et
1131 2994 1266 3056 Ephesiae
1279 2994 1347 3044 Dia·

293 3089 345 3128 nae
362 3077 466 3145 lonico,
484 3091 502 3129 a
521 3076 696 3140 ctesiphonte
715 3079 873 3129 constituta.
891 3078 998 3128 vitruv.
1016 3077 1104 3146 111,1.
1124 3105 1158 3116 -
1176 3079 1246 3128 liirt.
1260 3093 1288 3141 p.
1302 3077 1346 3130 23.
1441 3065 1443 3086 ¹

294 3191 325 3204 -—
346 3165 462 3214 Mueller
483 3180 509 3228 p.
529 3163 572 3215 ⁵7.
680 3159 731 3228 16)
749 3165 816 3214 Phil.
834 3168 903 3229 Byz.
922 3180 948 3228 p.
969 3162 1002 3214 18
1026 3160 1293 3230 (ediscendae).
1314 3191 1346 3202 -
1442 3199 1443 3210 ,

293 3251 397 3320 lippata
414 3247 464 3299 τοῦ
481 3249 538 3317 νεὼ,
557 3263 626 3314 quae
645 3255 687 3300 est
706 3253 776 3312 apud
794 3251 950 3302 Philostrat.
969 3251 1026 3301 vit.
1044 3253 1133 3312 Apoll.
1151 3252 1201 3313 IV,
1220 3249 1238 3299 2
1255 3265 1282 3312 p.
1298 3249 1345 3318 ll,
1442 3247 1443 3308 l

291 3336 320 3388 in
333 3336 420 3386 numia
434 3349 539 3400 quoque
557 3335 726 3396 conspicitur
745 3339 814 3398 apud
834 3333 1013 3402 Menetrejum
1033 3340 1061 3386 et
1075 3337 1211 3388 Olearium
1230 3339 1264 3386 ad
1277 3337 1346 3388 Phil.
1442 3359 1443 3416 ,

293 3417 344 3485 17)
363 3421 468 3471 Vitrnv.
486 3423 535 3486 lV,
557 3409 588 3470 is
616 3423 754 3490 Fecerunt
773 3423 886 3484 primum
901 3425 1050 3473 columnae
1075 3422 1285 3473 erassitudinem
1303 3425 1346 3472 al·
1442 3417 1443 3438 ¹

292 3505 414 3555 titudinis
432 3509 531 3556 octava
548 3510 634 3568 parte.
670 3507 739 3557 Plio.
758 3508 883 3572 XXXVI,
904 3508 924 3555 l.
943 3502 965 3556 1.
997 3508 1116 3558 Primum
1134 3509 1267 3558 columnis
1285 3507 1346 3570 epi-

291 3603 340 3640 rae
358 3589 481 3640 subditae
499 3593 528 3640 et
545 3591 665 3652 capitula
683 3593 781 3644 addita.
818 3591 977 3654 Placuitque
995 3593 1145 3644 altitudinis
1163 3597 1264 3644 octava
1282 3607 1347 3655 pars

291 3675 319 3724 in
329 3673 510 3726 crassitudine
520 3680 548 3726 et
559 3680 590 3728 ut
600 3676 834 3738 spiraehaberent
847 3676 1036 3730 erassitudinis
1047 3679 1184 3732 dimidium
1195 3677 1347 3739 septimae-
1442 3729 1443 3748 ,

198 3772 207 3782 ·
292 3773 344 3824 que
368 3763 459 3824 partes
487 3762 693 3814 detraherentur
716 3776 880 3814 strumarum
907 3764 1088 3816 crassitudini.
1195 3759 1248 3825 18)
1275 3763 1345 3814 Plio.

291 3847 421 3911 xxxvl,
444 3843 478 3896 21
501 3849 667 3910 aequantia
690 3849 839 3900 inritatione
858 3862 927 3912 opus
943 3854 1003 3915 est,
1027 3853 1132 3914 pumera
1155 3849 1299 3912 proposuit
1318 3853 1347 3900 et

291 3930 353 3980 ilirt
371 3936 399 3980 et
416 3931 544 3982 Leahius.
641 3929 692 3998 la)
710 3935 742 3984 ln
760 3947 874 4002 pronao,
893 3948 972 3999 quem
990 3935 1141 4000 longiorem
1159 3934 1236 4001 iecit,
1255 3934 1346 3984 ratio-

291 4027 352 4064 nem
371 4029 425 4065 non
442 4016 563 4068 servavit
571 4017 685 4086 Hirtius,
704 4031 773 4083 qliae
785 4019 858 4072 inter
871 4033 1014 4090 pronaum,
1030 4023 1127 4077 aelian
1142 4024 1171 4072 et
1183 4019 1345 4082 opisthoto-

293 4111 363 4150 num
381 4098 549 4154 intercedere
569 4104 656 4156 dehet.
