2910 4726
286 330 357 404 rer
379 437 385 444 ι

209 489 214 502 ⁸
284 513 371 602 plum
395 516 506 600 ipsum,
529 509 616 597 quod
639 509 680 574 ad
702 507 935 596 longitudinem
966 524 1021 573 arat
1049 507 1272 596 largitudinem
1297 521 1346 574 at

284 621 373 694 tinet,
395 637 540 700 umquam
565 623 689 677 auctum
712 616 778 676 sive
802 615 901 697 majus
917 611 1032 704 lactum
1057 631 1125 675 esse
1149 622 1285 688 constet,
1311 625 1345 676 et

284 719 326 784 de
355 721 529 806 Metagene
557 710 617 780 τὸν
645 710 761 792 ἄλλον,
792 727 824 778 et
855 715 895 779 de
924 715 1079 802 epistyliis
1114 717 1272 800 impositis
1301 710 1343 779 τὸ

282 822 407 908 μείζω
442 821 575 898 ἐποίησε
609 818 851 906 intelligendum
887 841 958 883 esse
995 818 1163 882 manilcsto
1198 827 1342 904 apparet

284 927 425 1010 quamvis
448 925 530 986 hanc
550 924 639 986 vocis
663 925 879 1007 acceptionem
909 944 976 986 uon
1004 925 1135 986 omnino
1165 917 1340 990 solemnem

285 1028 381 1092 fuisse
403 1027 541 1092 libenter
564 1025 737 1090 concedam
753 1027 811 1104 ²²).

374 1128 496 1194 Eodem
513 1128 702 1214 Metagenes
717 1133 751 1192 in
767 1127 922 1214 epistyliis
937 1127 1090 1192 vehendis
1113 1127 1248 1193 artificio
1265 1143 1341 1192 usus
1359 1155 1362 1169 ¹

285 1243 341 1312 est
365 1253 428 1318 quo
451 1235 485 1296 in
507 1235 609 1317 scapis
631 1241 737 1316 poten
765 1233 848 1308 fecit
863 1233 945 1296 enirn
967 1242 1055 1296 rotas
1077 1230 1341 1316 circiterpcdum

284 1335 476 1413 duodenum,
501 1345 533 1399 et
554 1334 774 1420 epistyliorum
798 1338 899 1421 capita
920 1338 954 1398 in
970 1335 1089 1399 modias
1111 1344 1205 1411 rotas,
1228 1331 1340 1398 eadem

284 1441 408 1502 ratione
431 1461 500 1504 cum
525 1438 717 1503 chodacibus
733 1450 765 1503 et
780 1439 910 1503 armillis
924 1437 1060 1502 inclusit,
1095 1440 1143 1502 lla
1158 1455 1229 1501 cum
1245 1440 1341 1500 trien-

283 1551 330 1606 tes
354 1563 372 1604 a
395 1541 500 1606 bubus
523 1540 722 1620 ducerentur,
749 1546 780 1606 iu
805 1541 932 1606 armillis
954 1541 1067 1606 inclusi
1091 1539 1250 1605 chodaccs
1273 1562 1341 1605 ver-

284 1643 399 1708 sabant
420 1653 516 1708 rotas.
563 1645 721 1730 Epistylia
751 1667 829 1712 vcro
858 1644 996 1722 inclusa,
1025 1648 1071 1708 uti
1101 1667 1174 1709 axes
1197 1647 1235 1734 in³
1251 1646 1339 1720 rotis,

284 1746 395 1810 eadem
417 1750 554 1824 ratione,
584 1770 644 1833 qua
668 1751 769 1834 scapi,
799 1753 868 1812 sinc
897 1769 985 1812 rnora
1013 1747 1053 1812 ad
1078 1769 1160 1834 opus
1186 1769 1341 1832 pervene-

283 1859 358 1914 runt
374 1850 435 1929 ²³).
478 1851 593 1934 Neque
615 1854 769 1916 minorem
792 1850 917 1916 laudern
940 1843 1255 1938 ingeniosa'ratione
1278 1872 1340 1915 rne-

283 1953 353 2028 ruit
377 1973 438 2034 qua
462 1952 609 2036 epistylia
633 1953 786 2019 columnis
802 1957 960 2040 imposuit,
983 1953 1071 2040 quod
1086 1965 1276 2020 consecutus
1293 1966 1340 2018 est
1423 1965 1427 1973 “

285 2052 457 2118 aeronibus
480 2075 576 2118 arena
599 2056 703 2140 plenis
729 2058 819 2122 molli
843 2058 926 2142 cliro
950 2059 999 2137 ²⁴)
1031 2079 1126 2143 supra
1154 2060 1258 2143 capita
1288 2078 1340 2122 co·

285 2154 461 2221 lamnarum
485 2170 686 2246 exaggerato,
712 2161 875 2246 paullatim
899 2163 1081 2225 exinaniens
1099 2165 1188 2239 imos,
1211 2171 1339 2226 uisen-

286 2261 342 2324 sim
367 2281 449 2346 opus
471 2264 504 2326 in
529 2262 625 2327 cubili
647 2255 797 2328 sederet(
837 2264 931 2349 Quae
952 2275 1088 2329 restam
1112 2268 1188 2328 mira
1210 2263 1340 2330 videba-
1446 2325 1447 2351 p

285 2373 344 2442 tur,
366 2373 401 2428 ut
414 2364 467 2428 vel
481 2368 582 2451 ipsam
594 2367 698 2432 Ileam
712 2366 808 2432 limen
823 2367 946 2432 loribus
962 2371 1150 2454 imposuisse
1164 2367 1338 2455 gloriaren-
1445 2459 1446 2466 ἵ

283 2476 334 2532 tur
357 2467 489 2551 Ephesii
504 2470 531 2504 ²⁵
539 2471 562 2547 1.

371 2571 472 2654 Operi
494 2572 656 2657 hucusque
678 2573 823 2658 perlecto
839 2584 972 2660 propter
993 2583 1170 2661 temporum
1193 2577 1339 2660 iniquita·
1444 2573 1445 2580 '

238 2677 257 2704 “
283 2680 354 2747 tem,
378 2693 472 2756 quum
496 2683 529 2736 et
550 2676 684 2738 Persicis
707 2676 800 2740 bellis
824 2677 884 2756 (cl.
908 2699 934 2742 c.
958 2677 997 2755 ll,
1019 2678 1096 2762 §.a
1120 2699 1150 2742 u.
1174 2680 1338 2756 15-44)
1443 2673 1444 2680 '

192 2843 196 2850 ,
283 2783 316 2837 et
348 2773 435 2838 hello
464 2775 742 2860 Peloponnesiaco
773 2778 833 2854 (cf.
856 2779 898 2842 ib.
921 2779 949 2862 ξ.
974 2783 1017 2860 5)
1047 2803 1116 2845 curn
1148 2791 1217 2846 tota
1247 2784 1338 2848 Ionia

283 2877 374 2938 nimis
398 2879 554 2962 exagitata
577 2879 689 2942 fuisset
711 2880 870 2964 Ephesus,
895 2881 979 2946 haud
1003 2894 1076 2948 ante
1099 2888 1338 2973 nonagesimam
1441 2969 1442 2974 η

282 2975 349 3040 lero
373 2975 586 3064 olympiadem
616 2979 710 3046 finem
740 2986 906 3068 imponere
934 2984 1023 3051 licuit
1037 2988 1094 3066 ²⁶).
1140 2989 1212 3052 Hoc
1240 2992 1338 3076 igitur

281 3089 425 3167 tempore
454 3084 705 3166 aDemetrio
737 3097 768 3150 et
797 3088 976 3154 Paeonio
1008 3089 1155 3175 Ephesiis
1183 3091 1337 3178 ternplum

281 3183 455 3268 perlectum
480 3198 528 3251 est
545 3189 601 3267 27>,
625 3191 755 3275 ejusque
778 3190 921 3256 solennis
946 3191 1103 3258 dedicatio
1127 3193 1210 3258 haud
1234 3195 1337 3260 multo

281 3355 480 3366 ——---.·—

350 3447 405 3516 22)
424 3451 466 3502 cl.
485 3452 601 3502 Hirtium
620 3454 665 3516 qui
684 3457 768 3506 toturn
792 3459 881 3509 iocum
900 3455 990 3522 rejicit
1008 3475 1034 3521 p.
1055 3457 1097 3510 15.
1118 3457 1151 3510 16
1169 3465 1197 3512 et
1215 3461 1335 3512 Muelle-

279 3547 339 3584 rum
357 3550 383 3597 p.
402 3535 446 3602 57,
465 3536 511 3598 qui
527 3535 574 3588 τὸν
593 3533 671 3588 ἄλλον
692 3539 774 3592 aliurn
798 3547 879 3608 atque
897 3548 1071 3609 Metagenem
1088 3551 1193 3598 censet.
1282 3547 1334 3609 23)

280 3619 373 3670 Verba
390 3620 508 3671 vitruvii
525 3614 561 3688 x,
580 3619 606 3673 6.
684 3621 747 3691 ’24)
766 3623 932 3694 „Puivinn“
954 3627 1076 3696 conjecit
1093 3632 1163 3682 flirt.
1181 3647 1207 3696 p.
1225 3631 1334 3686 3435.

266 3698 333 3790 15)
352 3705 421 3756 Plln.
439 3706 565 3774 XXXVI,
583 3707 616 3758 21
635 3709 873 3779 ibique-listriuin.
891 3717 966 3767 Tum.
979 3719 1021 3784 11,·
1033 3732 1059 3780 p.
1078 3716 1139 3768 741.
1210 3712 1264 3782 26)
1277 3721 1334 3770 Ne·

281 3803 333 3853 que
345 3796 409 3842 ante
421 3794 626 3856 nonagesimam
638 3798 829 3866 olympiadem,
841 3813 928 3864 neque
941 3808 1004 3866 post
1013 3803 1190 3856 centesiman
1204 3807 1333 3868 tempium

280 3878 431 3937 perrectum
455 3881 536 3941 atque
558 3880 709 3932 dedicatum
734 3895 796 3934 esse
818 3887 923 3938 montiis
947 3888 1016 3940 iiirt.
1039 3904 1065 3952 p.
1091 3887 1133 3941 17.
1168 3891 1288 3942 Mueller
1307 3905 1332 3953 p.

279 3958 323 4010 57.
360 3962 402 4012 04.
421 3975 448 4012 n.
466 3960 510 4014 30.
615 3962 668 4032 27)
691 3971 782 4020 Aedes
805 3973 903 4034 Ephesi
921 3973 1026 4027 Dianae
1045 4007 1111 4040 ...,
1135 3989 1213 4038 quam
1235 3982 1332 4040 postea

278 4043 432 4096 Demetrius
448 4045 535 4109 ipsius
552 4049 655 4104 Dianae
673 4067 770 4106 servus
788 4062 816 4106 et
834 4058 953 4110 Peonirn
971 4061 1104 4122 Ephesius
1122 4062 1249 4113 dicuntur
1266 4075 1331 4125 per·

278 4126 381 4180 iecisse
399 4130 468 4182 Vitr.
488 4134 549 4200 Vll,
569 4140 654 4197 praef.
