2916 4722
594 877 740 963 emur
767 875 997 976 uumruu.
1038 837 1043 848 ’

344 1057 418 1143 De
450 1056 603 1142 literis
637 1061 688 1140 et
715 1053 890 1140 artibus
922 1047 1247 1171 Ephesiorum.

719 1247 871 1258 .-.--—

268 1402 446 1562 Quamvis
469 1461 502 1524 in
525 1461 706 1522 universum
729 1455 816 1522 nulla
841 1455 908 1520 fere
932 1452 993 1518 alia
1021 1455 1055 1516 in
1076 1473 1113 1516 rc
1135 1449 1248 1538 populi
1272 1473 1326 1516 cu-

266 1565 390 1653 jusdam
412 1573 524 1628 natura
548 1572 642 1648 atque
669 1561 797 1633 indoles
822 1559 1017 1624 manifestius
1041 1577 1194 1642 apparere
1216 1554 1327 1620 videa-

267 1680 326 1750 tur,
349 1691 442 1756 quam
464 1671 498 1731 in
519 1667 615 1732 rebus
637 1668 735 1752 gestis
760 1674 792 1729 et
820 1667 924 1742 sacris,
948 1663 1065 1748 quippe
1089 1681 1169 1746 quae
1192 1659 1232 1723 ab
1255 1661 1327 1723 nni-

267 1795 361 1839 verso
389 1771 512 1858 populo
535 1779 705 1834 nascantur
727 1777 821 1854 atque
843 1765 1019 1855 pendeant,
1041 1767 1074 1828 in
1096 1763 1195 1828 literis
1218 1773 1326 1826 tamen

269 1886 301 1940 et
323 1876 442 1938 artibus
464 1872 549 1937 hand
572 1894 648 1936 sane
671 1873 831 1935 minimum
862 1869 1077 1964 adjumentum
1099 1867 1243 1932 relictum
1268 1876 1325 1944 est,

269 2001 306 2043 ex
329 2000 393 2064 quo
416 1978 557 2042 universi
578 1972 692 2061 populi
714 1975 877 2061 ingenium
894 1976 1048 2058 cognosci
1071 1981 1164 2056 atque
1186 1969 1326 2058 intelligi

267 2086 378 2170 possit.
424 2081 577 2165 Quamvis
601 2081 684 2142 enim
707 2099 725 2140 a
749 2077 958 2162 scriptoribus
981 2075 1035 2141 uel
1058 2074 1231 2140 artificibus
1254 2074 1326 2138 lite-

267 2209 322 2252 rae
345 2196 378 2252 et
401 2195 484 2250 artes
507 2179 661 2268 colantur}
683 2184 761 2246 raris
777 2177 996 2246 tantummodo
1021 2191 1053 2244 et
1075 2189 1223 2265 tanquam
1238 2200 1327 2264 spar-

268 2293 310 2356 sis
333 2313 391 2377 per
420 2290 518 2355 totius
547 2284 662 2372 populi
689 2284 934 2362 multitudinem,
963 2285 996 2348 hi
1025 2294 1131 2349 tamen
1162 2305 1199 2348 ex
1225 2285 1325 2347 totius

268 2397 407 2458 nationis
433 2391 565 2480 ingenio
588 2392 678 2474 qnasi
695 2389 822 2455 aluntur
840 2399 934 2475 atque
952 2391 1141 2466 nutriuntur,
1159 2409 1220 2452 nee
1237 2385 1327 2474 quod

269 2497 308 2560 ab
325 2497 388 2560 hoc
402 2495 539 2560 alienum
555 2497 595 2558 sit
609 2493 789 2578 producere
811 2500 948 2580 possunt
963 2501 1055 2578 atquc
1072 2513 1197 2568 creare;
1220 2493 1265 2554 ita
1282 2501 1326 2570 ut,

269 2599 442 2662 accedente
453 2607 636 2682 praetereae
651 2600 785 2676 ratione,
801 2595 887 2682 quod
899 2599 1006 2660 intima
1018 2595 1180 2660 hominnm
1189 2593 1327 2674 indoles,

268 2699 368 2766 multo
381 2701 575 2764 manifestius
588 2703 621 2762 in
632 2702 678 2778 iis,
690 2701 1016 2784 quaesentiantatque
1027 2704 1177 2788 cogitent,
1185 2707 1326 2786 apparet,

269 2827 362 2890 quam
378 2808 412 2867 in
427 2804 521 2866 rebus
537 2804 643 2888 gestis,
657 2823 737 2887 quae
750 2824 767 2865 a
782 2801 959 2866 multifariis
976 2803 1068 2868 simul
1079 2803 1257 2868 rationibus
1274 2825 1326 2866 ex-

269 2910 368 2971 ternis
391 2928 428 2969 ac
449 2905 503 2968 vel
526 2904 649 2969 casibus
672 2903 858 2991 plerumque
881 2905 1039 2990 pendent,
1064 2930 1101 2972 ex
1123 2906 1222 2972 literis
1247 2928 1328 2992 quo·
1357 2906 1362 2914 ’

269 3031 332 3096 qne
355 3019 387 3074 et
410 3008 528 3073 artibus
551 3029 618 3073 non
635 3006 739 3072 solnm
754 3011 862 3095 magni
878 3009 1038 3096 cujusdam
1054 3010 1176 3098 populi,
1198 3009 1327 3076 sedvel

268 3137 436 3202 parvarum
466 3115 560 3178 etiam
595 3115 765 3177 civitatium
794 3123 889 3200 atque
918 3113 1042 3180 urbium
1073 3113 1199 3179 indoles
1230 3124 1327 3202 atque

268 3222 430 3308 ingenium
452 3217 619 3304 manifesto
644 3217 797 3282 eluceant.
900 3287 910 3302 ,

357 3321 459 3407 Cujus
488 3323 536 3385 rei
563 3341 732 3399 memores,
766 3343 808 3386 ne
837 3315 1001 3408 quidhoc
1031 3342 1068 3386 ex
1095 3323 1186 3406 parte
1219 3342 1326 3386 rerum

269 3425 515 3516 Ephesiacarum
538 3423 745 3508 descriptioni
769 3425 858 3504 desit,
886 3425 928 3494 de
949 3423 1048 3490 literis
1071 3446 1200 3510 quoque
1224 3435 1256 3490 et
1279 3448 1327 3490 ar-

269 3528 353 3592 tibus
375 3528 586 3612 Ephesiorum
608 3529 653 3590 ita
676 3525 842 3592 dicendum
866 3531 1057 3607 censuimuS,
1079 3537 1130 3606 ut,
1154 3551 1250 3613 quum
1274 3539 1326 3592 sat

168 3655 185 3718 f
269 3629 373 3717 ampla
395 3631 454 3692 hac
477 3629 517 3694 de
539 3653 575 3694 re
597 3636 743 3696 materies
759 3632 853 3696 nobis
868 3631 978 3695 relicta
1001 3634 1048 3709 sit,
1071 3634 1243 3717 scriptores
1263 3635 1327 3718 pri-

270 3757 353 3798 mum
369 3735 535 3819 Ephesios,
559 3743 591 3798 et
612 3743 789 3820 temporum
814 3744 845 3798 et
869 3736 996 3821 generis
1019 3724 1175 3799 librorum
1197 3737 1325 3799 ratione

269 3839 385 3914 habita,
408 3859 635 3916 enumeremus,
657 3847 720 3902 turn
744 3859 821 3902 vero
846 3837 886 3902 ad
909 3837 1051 3926 singulas
1074 3847 1156 3902 artes
1169 3837 1327 3913 ‚acceden-

270 3949 325 4020 tes,
349 3941 424 4028 quid
448 3943 554 4030 magni
577 3943 609 4004 in
637 3962 826 4026 unaquaque
855 3941 982 4026 Ephesii
1006 3941 1179 4021 effecerint,
1201 3963 1326 4027 quosve

271 4043 407 4110 artifices
431 4045 576 4130 Ephesus
600 4043 706 4109 tulerit
729 4048 904 4110 accuratius
928 4066 1129 4131 exponamus.

721 4203 872 4213 ---—-—-
