2910 4726
295 315 366 389 176

295 502 391 566 inisse
414 521 531 564 censeo
561 497 613 563 vel
640 503 673 564 in
705 499 918 564 subterraneis
939 499 1078 586 denique
1101 501 1351 564 concameratio-

294 605 397 682 nibus,
419 625 500 689 quae
522 605 555 666 iu
578 605 647 688 ipsa
670 603 832 690 crepidine
854 605 913 668 sub
937 606 1107 668 Hecatesia
1131 613 1233 680 erant,
1259 603 1350 687 quud

295 711 387 772 etiam
409 710 443 770 in
458 708 637 770 Erechtheo
654 707 825 770 observare
840 707 922 784 licet,
945 707 1000 772 ubi
1018 707 1239 771 subterraneas
1256 729 1350 791 quas·
1447 703 1448 770 ?

295 811 366 874 dam
389 808 486 873 cellas
508 811 567 874 sab
591 809 818 895 opisthodomo
840 810 938 874 fuisse
960 813 1075 874 scimus
1086 811 1144 889 ⁴⁰).
1186 805 1194 816 “
1447 795 1448 804 ¹

381 913 647 978 Simulacrum
662 914 753 978 Deae
776 935 843 977 non
865 916 899 976 in
921 933 1002 976 caro
1023 916 1104 976 muri
1127 921 1240 997 portae
1264 915 1350 997 prin-

294 1015 389 1102 cipali
411 1017 553 1102 oppositi
575 1020 713 1102 positum
736 1027 810 1093 erat,
837 1016 895 1081 sed
916 1015 1140 1080 intermedias
1162 1019 1272 1100 potius
1296 1037 1349 1079 co-

294 1119 415 1184 lumnas
437 1129 528 1184 stoae
549 1120 719 1184 inferioris.
765 1119 896 1204 Quippe
919 1121 998 1192 haee
1020 1141 1097 1184 aava
1112 1119 1348 1200 („Nischen“),

293 1245 374 1308 qnae
396 1243 592 1310 magnopere
615 1223 761 1286 dilexisse
789 1221 915 1286 videtur
937 1225 1070 1300 Hirtius,
1099 1221 1227 1286 insolita
1256 1243 1348 1306 pror·
1447 1227 1448 1314 J

293 1349 346 1390 sus
368 1327 454 1412 apud
476 1338 602 1392 veteres
624 1327 721 1390 inisse
749 1347 835 1390 nunc
862 1328 946 1388 inter
975 1346 1086 1390 ornnes
1115 1335 1249 1390 constat
1295 1327 1348 1389 Ne

293 1450 370 1493 vero
393 1430 475 1508 haic,
498 1451 593 1515 quem
614 1428 759 1514 equidem
782 1431 920 1514 conjeci,
944 1427 1102 1492 simulacri
1124 1427 1199 1492 loco
1222 1439 1347 1493 statuae

292 1533 541 1620 magnitudinem
565 1535 744 1618 oppositam
772 1553 916 1610 censeas,
943 1531 975 1596 id
1003 1533 1145 1616 inprimis
1173 1531 1346 1595 terrendam

294 1647 350 1714 est,
372 1657 450 1715 cam,
472 1641 499 1700 si
520 1657 590 1700 cum
613 1635 683 1698 aliis
706 1639 911 1720 compararis,
940 1657 1068 1719 parvam
1092 1644 1212 1698 tantum
1241 1635 1347 1713 luisse,
1447 1647 1448 1680 r

293 1743 413 1825 quippe
441 1761 523 1825 quae
551 1738 626 1802 inde
656 1761 673 1800 a
704 1738 825 1823 templo
859 1738 990 1802 condito
1024 1759 1194 1823 numquam
1227 1749 1346 1802 mutata

293 1842 475 1906 crederetur
490 1846 547 1923 ⁴¹),
570 1843 783 1926 antiquissima
805 1850 908 1904 autem
923 1845 1014 1928 signa
1035 1863 1133 1927 parva
1153 1841 1250 1905 inisse
1265 1845 1348 1904 inter
1447 1869 1448 1920 l

294 1965 404 2008 omncs
433 1955 559 2008 constat
580 1947 637 2022 ⁴²).
683 1945 735 2006 De
765 1943 927 2022 aulaeo,
959 1965 1023 2030 quo
1053 1943 1261 2009 claudebatur
1290 1945 1348 2029 hy.
1447 1921 1448 1990 l

292 2047 443 2132 paethros
459 2049 523 2127 ⁴³),
554 2049 683 2134 egregie
712 2049 778 2132 egit
806 2047 926 2111 Hirtius
941 2049 998 2127 ⁴⁴).
1044 2047 1110 2114 Sed
1131 2050 1193 2134 jam
1216 2045 1256 2110 ad
1281 2069 1346 2112 reru

292 2149 507 2216 accedendum
532 2163 592 2228 est,
621 2153 655 2212 in
684 2171 746 2234 qua
774 2149 853 2212 nihil
878 2172 1009 2236 prorsas
1030 2172 1080 2215 me
1102 2154 1184 2215 scire
1205 2153 1346 2238 ingenue

293 2255 461 2320 confiteor.
507 2257 713 2339 Tympana
737 2255 828 2332 euim,
858 2276 938 2338 quae
961 2254 1038 2318 alias
1060 2253 1257 2339 pulcerrimis
1280 2253 1347 2340 ple-

292 2381 424 2444 ramque
446 2359 557 2422 statuis
580 2367 692 2420 ornata
715 2357 813 2420 irrisae
835 2360 956 2434 scimus,
980 2355 1055 2442 quid
1077 2363 1111 2420 in
1133 2369 1247 2421 nostra
1270 2369 1346 2422 tem-

291 2461 347 2546 pla
364 2463 588 2537 continuerint,
609 2461 672 2523 hoc
687 2445 783 2544 plane
797 2463 924 2548 ignoro.
958 2459 1111 2544 Quamvis
1132 2463 1215 2524 enirn
1231 2483 1346 2524 acro·
1447 2491 1448 2496 ¹

292 2569 396 2628 teria
420 2585 457 2628 ex
479 2566 581 2627 nuruis
604 2573 653 2626 sat
674 2575 784 2648 aperte
807 2566 960 2650 cognosci
985 2574 1102 2649 queant
1117 2565 1174 2644 ⁴⁵),
1196 2587 1287 2648 quae,
1303 2575 1347 2628 ta-

294 2667 436 2732 centibus
466 2666 613 2730 omnibus
642 2666 866 2750 scriptoribus,
894 2669 981 2730 numi
1009 2665 1042 2729 in
1065 2677 1220 2752 tympano
1244 2671 1347 2753 expri-
1447 2735 1448 2754 ,

292 2781 389 2846 munt,
411 2779 448 2832 ut
468 2768 616 2854 globum,
640 2788 804 2845 coronam,
833 2789 871 2830 ac
893 2767 945 2832 vel
968 2773 1106 2855 quinque
1129 2773 1222 2834 etiam
1240 2793 1346 2847 arcus,
1447 2755 1448 2800 l

293 3014 411 3064 staatslr.
434 3014 461 3080 l,
480 3029 506 3078 p.
525 3011 587 3065 475.
658 3009 711 3080 40)
730 3013 772 3066 Cf.
792 3017 906 3068 Bacolrlr.
926 3023 954 3069 et
971 3019 1065 3070 Muell.
1084 3021 1113 3070 ιι.
1133 3022 1162 3070 ιι.
1182 3013 1207 3084 fi.
1222 3018 1248 3080 l,
1263 3033 1290 3070 ιι.
1302 3019 1345 3070 di.
1447 3007 1448 3022 ¹

292 3101 500 3152 Forcuhammer
518 3101 660 3156 Hellenioa
677 3103 699 3168 ι,
719 3104 773 3154 tab.
792 3099 846 3167 adj.
917 3100 969 3168 41)
988 3105 1058 3156 Plin.
1076 3107 1149 3172 xvi,
1169 3101 1211 3156 79.
1240 3107 1345 3166 Quan-
1447 3133 1448 3154 r

293 3187 334 3236 vis
351 3199 397 3238 res
419 3187 480 3250 ipse
497 3184 550 3240 fide
573 3201 739 3253 nequequam
763 3189 846 3255 digna
869 3193 921 3258 sit,
944 3193 969 3242 id
989 3197 1077 3242 tamea
1097 3205 1131 3242 ex
1149 3190 1278 3253 opinione
1297 3193 1346 3241 illa
1447 3215 1448 3268 3

292 3273 427 3339 scarritur,
450 3285 538 3337 neque
561 3287 685 3338 magnum
705 3277 860 3344 admodum,
887 3290 974 3340 neque
1001 3277 1150 3338 pretiosam
1168 3277 1344 3326 simulacrum

291 3359 376 3409 luisse
395 3354 447 3424 (ol.
465 3355 489 3424 ᾗ.
508 3355 560 3422 4);
585 3363 653 3422 quod
677 3361 701 3410 si
724 3363 783 3425 quis
805 3363 832 3414 in
856 3366 957 3426 templo
980 3369 1034 3414 tarn
1057 3362 1198 3424 splendida
1221 3363 1345 3427 miretur,
1447 3351 1448 3356 '

292 3447 321 3495 ct
343 3443 457 3506 plurima
479 3444 535 3494 ulla
556 3446 703 3496 simulacra
725 3447 761 3498 ibi
784 3455 926 3500 asservata
947 3450 1035 3501 fuisse
1056 3450 1203 3498 notandum
1227 3455 1272 3498 est
1291 3445 1344 3512 (el.
1447 3473 1448 3480 ι

292 3523 317 3592 §.
336 3525 369 3590 4)
389 3535 427 3593 et,
446 3542 498 3590 quo
517 3529 670 3594 antiquiora
687 3545 721 3582 eo
738 3547 843 3597 quoquc
861 3535 1000 3588 sanctiora
1019 3536 1178 3597 templorum
1196 3533 1345 3584 simulacra
1447 3539 1448 3604 J

291 3613 376 3662 luisse
395 3625 482 3676 eoque
501 3615 659 3680 diligentius
677 3625 826 3670 asservata.
864 3620 906 3670 ci.
923 3621 995 3671 inira
1013 3615 1038 3686 §.
1057 3620 1084 3687 4,
1103 3616 1232 3669 nal-7.
1288 3619 1344 3680 42)
1386 3601 1393 3610 “
1447 3629 1448 3668 ⁷

290 3701 458 3762 magnopere
476 3701 582 3752 fallitur
595 3702 667 3768 ιιιιι,
685 3705 730 3768 qni
742 3703 786 3768 (p.
798 3699 851 3770 40)
868 3706 1149 3769 chryselephantinum
1168 3705 1344 3776 simrrlacmm
1447 3741 1448 3768 .

290 3784 376 3835 misse
399 3790 477 3848 putat
499 3792 528 3840 et
550 3790 729 3854 quadraginta
750 3791 862 3853 pedibas
885 3791 968 3842 altius
991 3787 1035 3856 (p.
1058 3787 1118 3855 52).
1163 3793 1231 3840 Nam
1255 3803 1345 3852 aenae
1447 3821 1448 3856 3

290 3871 346 3921 ιιιιο
365 3878 526 3936 argumento
550 3875 602 3924 hoo
625 3875 734 3936 probari
751 3879 857 3944 potest,
881 3890 968 3941 neque
991 3877 1048 3928 veri
1071 3880 1114 3927 est
1135 3876 1225 3926 simile
1249 3879 1344 3926 tantae

290 3959 397 4019 tamque
415 3959 554 4020 pretiosae
565 3962 674 4011 statuae
686 3957 816 4012 artificem
829 3975 971 4026 numquam
985 3964 1149 4026 appellatum
1162 3975 1233 4012 esse.
1288 3960 1343 4023 43)

289 4039 367 4092 Parra
381 4043 416 4108 V,
427 4040 470 4110 12,
481 4041 538 4094 4τό
551 4048 753 4115 παραπιτασμα.
818 4043 870 4110 44)
889 4050 977 4121 deber
985 4049 1028 4100 die
1040 4041 1207 4110 oedeckaag
1216 4049 1265 4098 des
1280 4049 1344 4110 Hy-

290 4129 392 4187 peellrr.
411 4129 430 4178 ι.
449 4129 468 4178 ι.
482 4144 506 4192 p.
526 4129 568 4180 47.
640 4127 694 4194 45)
713 4129 881 4196 Menetrcjus
903 4141 932 4186 et
951 4133 1103 4185 narduinus
1122 4135 1155 4182 ed
1175 4133 1244 4184 Ptin.
1263 4133 1295 4183 ιι.
1312 4135 1344 4182 ιι.
