<?xml version="1.0" encoding="UTF-8"?>
<!DOCTYPE html PUBLIC "-//W3C//DTD XHTML 1.0 Transitional//EN"
    "http://www.w3.org/TR/xhtml1/DTD/xhtml1-transitional.dtd">
<html xmlns="http://www.w3.org/1999/xhtml" xml:lang="en" lang="en">
 <head>
  <title>
</title>
<meta http-equiv="Content-Type" content="text/html;charset=utf-8" />
  <meta name='ocr-system' content='tesseract 3.04.00' />
  <meta name='ocr-capabilities' content='ocr_page ocr_carea ocr_par ocr_line ocrx_word'/>
</head>
<body>
  <div class='ocr_page' id='page_1' title='image "./ephesiaca00guhlgoog_0073.png"; bbox 0 0 2866 4736; ppageno 0'>
   <div class='ocr_carea' id='block_1_1' title="bbox 288 255 337 330">
    <p class='ocr_par' dir='ltr' id='par_1_1' title="bbox 288 255 337 330">
     <span class='ocr_line' id='line_1_1' title="bbox 288 255 337 330; baseline 0 0"><span class='ocrx_word' id='word_1_1' title='bbox 288 255 337 330; x_wconf 72' lang='lat'><strong>52</strong></span> 
     </span>
    </p>
   </div>
   <div class='ocr_carea' id='block_1_2' title="bbox 217 417 1425 2290">
    <p class='ocr_par' dir='ltr' id='par_1_2' title="bbox 217 417 1425 2290">
     <span class='ocr_line' id='line_1_2' title="bbox 289 417 1344 528; baseline -0.004 -20"><span class='ocrx_word' id='word_1_2' title='bbox 289 429 379 508; x_wconf 83' lang='lat' dir='ltr'><strong>clade</strong></span> <span class='ocrx_word' id='word_1_3' title='bbox 409 450 555 528; x_wconf 90' lang='lat' dir='ltr'><strong>accepta,</strong></span> <span class='ocrx_word' id='word_1_4' title='bbox 580 441 797 519; x_wconf 68' lang='lat' dir='ltr'><strong>Tithraustes,</strong></span> <span class='ocrx_word' id='word_1_5' title='bbox 820 443 887 527; x_wconf 92' lang='lat' dir='ltr'><strong>qui,</strong></span> <span class='ocrx_word' id='word_1_6' title='bbox 918 417 1131 525; x_wconf 81' lang='lat' dir='ltr'><strong>Tissapherne</strong></span> <span class='ocrx_word' id='word_1_7' title='bbox 1160 437 1344 518; x_wconf 85' lang='lat' dir='ltr'><strong>interiecto,</strong></span> 
     </span>
     <span class='ocr_line' id='line_1_3' title="bbox 286 543 1344 624; baseline -0.006 -12"><span class='ocrx_word' id='word_1_8' title='bbox 286 547 452 612; x_wconf 80' lang='lat' dir='ltr'>Persarum</span> <span class='ocrx_word' id='word_1_9' title='bbox 476 544 538 610; x_wconf 81' lang='lat' dir='ltr'><strong>dus</strong></span> <span class='ocrx_word' id='word_1_10' title='bbox 561 544 664 610; x_wconf 83' lang='lat' dir='ltr'><strong>laetus&#39;</strong></span> <span class='ocrx_word' id='word_1_11' title='bbox 685 553 765 624; x_wconf 90' lang='lat' dir='ltr'><strong>erat,</strong></span> <span class='ocrx_word' id='word_1_12' title='bbox 794 543 970 610; x_wconf 84' lang='lat' dir='ltr'><strong>libertatern</strong></span> <span class='ocrx_word' id='word_1_13' title='bbox 1000 553 1032 607; x_wconf 91' lang='lat' dir='ltr'><strong>et</strong></span> <span class='ocrx_word' id='word_1_14' title='bbox 1060 545 1279 608; x_wconf 82' lang='lat' dir='ltr'><strong>autonomiam</strong></span> <span class='ocrx_word' id='word_1_15' title='bbox 1305 545 1344 606; x_wconf 90' lang='lat' dir='ltr'><strong>ci-</strong></span> 
     </span>
     <span class='ocr_line' id='line_1_4' title="bbox 287 646 1343 734; baseline -0.002 -20"><span class='ocrx_word' id='word_1_16' title='bbox 287 648 437 714; x_wconf 88' lang='lat' dir='ltr'><strong>vitatibus</strong></span> <span class='ocrx_word' id='word_1_17' title='bbox 467 647 599 713; x_wconf 87' lang='lat' dir='ltr'><strong>Graecis</strong></span> <span class='ocrx_word' id='word_1_18' title='bbox 627 647 697 714; x_wconf 89' lang='lat' dir='ltr'><strong>lore</strong></span> <span class='ocrx_word' id='word_1_19' title='bbox 727 651 885 734; x_wconf 87' lang='lat' dir='ltr'><strong>promisit,</strong></span> <span class='ocrx_word' id='word_1_20' title='bbox 921 669 958 712; x_wconf 91' lang='lat' dir='ltr'><strong>ea</strong></span> <span class='ocrx_word' id='word_1_21' title='bbox 988 646 1188 722; x_wconf 91' lang='lat' dir='ltr'><strong>conditione,</strong></span> <span class='ocrx_word' id='word_1_22' title='bbox 1217 656 1254 710; x_wconf 90' lang='lat' dir='ltr'><strong>ut</strong></span> <span class='ocrx_word' id='word_1_23' title='bbox 1284 647 1343 712; x_wconf 91' lang='lat' dir='ltr'><strong>hae</strong></span> 
     </span>
     <span class='ocr_line' id='line_1_5' title="bbox 287 750 1342 840; baseline -0.004 -23"><span class='ocrx_word' id='word_1_24' title='bbox 287 776 385 840; x_wconf 87' lang='lat' dir='ltr'><strong>parva</strong></span> <span class='ocrx_word' id='word_1_25' title='bbox 407 750 626 818; x_wconf 86' lang='lat' dir='ltr'><strong>tantummodo</strong></span> <span class='ocrx_word' id='word_1_26' title='bbox 650 751 766 816; x_wconf 86' lang='lat' dir='ltr'><strong>tributa</strong></span> <span class='ocrx_word' id='word_1_27' title='bbox 796 750 987 839; x_wconf 82' lang='lat' dir='ltr'><strong>solverent„</strong></span> <span class='ocrx_word' id='word_1_28' title='bbox 1001 753 1071 835; x_wconf 91' lang='lat' dir='ltr'><strong>ipse</strong></span> <span class='ocrx_word' id='word_1_29' title='bbox 1099 759 1204 814; x_wconf 86' lang='lat' dir='ltr'><strong>autem</strong></span> <span class='ocrx_word' id='word_1_30' title='bbox 1230 751 1342 838; x_wconf 78' lang='lat' dir='ltr'><strong>Agesi-</strong></span> 
     </span>
     <span class='ocr_line' id='line_1_6' title="bbox 288 853 1341 938; baseline -0.005 -16"><span class='ocrx_word' id='word_1_31' title='bbox 288 857 357 922; x_wconf 90' lang='lat' dir='ltr'><strong>laus</strong></span> <span class='ocrx_word' id='word_1_32' title='bbox 380 855 508 922; x_wconf 91' lang='lat' dir='ltr'><strong>domum</strong></span> <span class='ocrx_word' id='word_1_33' title='bbox 529 853 656 919; x_wconf 84' lang='lat' dir='ltr'><strong>rediret.</strong></span> <span class='ocrx_word' id='word_1_34' title='bbox 717 855 864 920; x_wconf 89' lang='lat' dir='ltr'><strong>Interea</strong></span> <span class='ocrx_word' id='word_1_35' title='bbox 894 874 971 918; x_wconf 88' lang='lat' dir='ltr'><strong>vero</strong></span> <span class='ocrx_word' id='word_1_36' title='bbox 996 854 1208 931; x_wconf 88' lang='lat' dir='ltr'><strong>Tithraustes,</strong></span> <span class='ocrx_word' id='word_1_37' title='bbox 1238 856 1341 938; x_wconf 88' lang='lat' dir='ltr'><strong>copiis</strong></span> 
     </span>
     <span class='ocr_line' id='line_1_7' title="bbox 289 955 1341 1047; baseline -0.006 -21"><span class='ocrx_word' id='word_1_38' title='bbox 289 975 322 1026; x_wconf 89' lang='lat' dir='ltr'><strong>et</strong></span> <span class='ocrx_word' id='word_1_39' title='bbox 342 962 486 1047; x_wconf 87' lang='lat' dir='ltr'><strong>pecuniis</strong></span> <span class='ocrx_word' id='word_1_40' title='bbox 507 958 658 1044; x_wconf 82' lang='lat' dir='ltr'><strong>praebitis</strong></span> <span class='ocrx_word' id='word_1_41' title='bbox 682 957 848 1044; x_wconf 83' lang='lat' dir='ltr'>Agesilao,</span> <span class='ocrx_word' id='word_1_42' title='bbox 870 967 906 1022; x_wconf 96' lang='lat' dir='ltr'><strong>ut</strong></span> <span class='ocrx_word' id='word_1_43' title='bbox 927 957 1164 1021; x_wconf 80' lang='lat' dir='ltr'><strong>Pharnabazum</strong></span> <span class='ocrx_word' id='word_1_44' title='bbox 1186 955 1341 1042; x_wconf 81' lang='lat' dir='ltr'><strong>aggrede-</strong></span> 
     </span>
     <span class='ocr_line' id='line_1_8' title="bbox 217 1049 1340 1150; baseline -0.005 -21"><span class='ocrx_word' id='word_1_45' title='bbox 217 1055 228 1072; x_wconf 81' lang='grc'>’</span> <span class='ocrx_word' id='word_1_46' title='bbox 264 1107 266 1112; x_wconf 93' lang='lat'>-</span> <span class='ocrx_word' id='word_1_47' title='bbox 288 1075 376 1129; x_wconf 88' lang='lat' dir='ltr'><strong>retur</strong></span> <span class='ocrx_word' id='word_1_48' title='bbox 396 1066 566 1150; x_wconf 80' lang='lat' dir='ltr'><strong>persuasit,</strong></span> <span class='ocrx_word' id='word_1_49' title='bbox 594 1083 697 1147; x_wconf 87' lang='lat' dir='ltr'><strong>neque</strong></span> <span class='ocrx_word' id='word_1_50' title='bbox 725 1049 831 1124; x_wconf 84' lang='lat' dir='ltr'><strong>tamen</strong></span> <span class='ocrx_word' id='word_1_51' title='bbox 852 1060 950 1138; x_wconf 88' lang='lat' dir='ltr'><strong>hunc,</strong></span> <span class='ocrx_word' id='word_1_52' title='bbox 977 1082 1056 1145; x_wconf 88' lang='lat' dir='ltr'><strong>quae</strong></span> <span class='ocrx_word' id='word_1_53' title='bbox 1078 1061 1269 1147; x_wconf 89' lang='lat' dir='ltr'><strong>promiserat</strong></span> <span class='ocrx_word' id='word_1_54' title='bbox 1298 1059 1340 1123; x_wconf 86' lang='lat' dir='ltr'><strong>fa-</strong></span> 
     </span>
     <span class='ocr_line' id='line_1_9' title="bbox 290 1163 1340 1252; baseline -0.006 -20"><span class='ocrx_word' id='word_1_55' title='bbox 290 1177 410 1232; x_wconf 86' lang='lat' dir='ltr'><strong>eturum</strong></span> <span class='ocrx_word' id='word_1_56' title='bbox 438 1176 524 1232; x_wconf 88' lang='lat' dir='ltr'><strong>ratus</strong></span> <span class='ocrx_word' id='word_1_57' title='bbox 550 1166 715 1252; x_wconf 83' lang='lat' dir='ltr'><strong>Spartanis</strong></span> <span class='ocrx_word' id='word_1_58' title='bbox 745 1166 778 1227; x_wconf 92' lang='lat' dir='ltr'><strong>in</strong></span> <span class='ocrx_word' id='word_1_59' title='bbox 806 1166 873 1248; x_wconf 90' lang='lat' dir='ltr'><strong>ipsa</strong></span> <span class='ocrx_word' id='word_1_60' title='bbox 898 1163 1032 1228; x_wconf 83' lang='lat' dir='ltr'><strong>Graecia</strong></span> <span class='ocrx_word' id='word_1_61' title='bbox 1061 1163 1179 1227; x_wconf 89' lang='lat' dir='ltr'><strong>bellum</strong></span> <span class='ocrx_word' id='word_1_62' title='bbox 1209 1183 1340 1226; x_wconf 90' lang='lat' dir='ltr'><strong>movere</strong></span> 
     </span>
     <span class='ocr_line' id='line_1_10' title="bbox 289 1265 1340 1354; baseline -0.008 -18"><span class='ocrx_word' id='word_1_63' title='bbox 289 1281 421 1336; x_wconf 88' lang='lat' dir='ltr'><strong>conatus</strong></span> <span class='ocrx_word' id='word_1_64' title='bbox 445 1279 493 1334; x_wconf 86' lang='lat' dir='ltr'><strong>est</strong></span> <span class='ocrx_word' id='word_1_65' title='bbox 507 1270 565 1349; x_wconf 85' lang='grc'><strong>99).</strong></span> <span class='ocrx_word' id='word_1_66' title='bbox 611 1267 715 1352; x_wconf 88' lang='lat' dir='ltr'><strong>Quam</strong></span> <span class='ocrx_word' id='word_1_67' title='bbox 739 1267 782 1330; x_wconf 94' lang='lat' dir='ltr'><strong>ob</strong></span> <span class='ocrx_word' id='word_1_68' title='bbox 807 1277 871 1330; x_wconf 81' lang='lat' dir='ltr'><strong>rem</strong></span> <span class='ocrx_word' id='word_1_69' title='bbox 890 1265 1058 1354; x_wconf 76' lang='lat' dir='ltr'><strong>Agesilaus</strong></span> <span class='ocrx_word' id='word_1_70' title='bbox 1082 1267 1264 1354; x_wconf 83' lang='lat' dir='ltr'><strong>ePhrygia,</strong></span> <span class='ocrx_word' id='word_1_71' title='bbox 1287 1265 1340 1335; x_wconf 86' lang='lat' dir='ltr'><strong>ubi</strong></span> 
     </span>
     <span class='ocr_line' id='line_1_11' title="bbox 286 1369 1340 1460; baseline -0.005 -23"><span class='ocrx_word' id='word_1_72' title='bbox 286 1377 348 1460; x_wconf 71' lang='lat' dir='ltr'><strong>iam</strong></span> <span class='ocrx_word' id='word_1_73' title='bbox 371 1371 558 1436; x_wconf 88' lang='lat' dir='ltr'><strong>versabatur</strong></span> <span class='ocrx_word' id='word_1_74' title='bbox 574 1372 735 1457; x_wconf 89' lang='lat' dir='ltr'><strong>Ephesum</strong></span> <span class='ocrx_word' id='word_1_75' title='bbox 756 1369 861 1434; x_wconf 89' lang='lat' dir='ltr'><strong>redire</strong></span> <span class='ocrx_word' id='word_1_76' title='bbox 883 1391 950 1436; x_wconf 89' lang='lat' dir='ltr'><strong>non</strong></span> <span class='ocrx_word' id='word_1_77' title='bbox 972 1372 1078 1454; x_wconf 89' lang='lat' dir='ltr'><strong>potuit</strong></span> <span class='ocrx_word' id='word_1_78' title='bbox 1093 1370 1150 1449; x_wconf 87' lang='grc'>99).</span> <span class='ocrx_word' id='word_1_79' title='bbox 1195 1371 1340 1457; x_wconf 77' lang='lat' dir='ltr'><strong>Reyoca-</strong></span> 
     </span>
     <span class='ocr_line' id='line_1_12' title="bbox 288 1471 1339 1561; baseline -0.006 -19"><span class='ocrx_word' id='word_1_80' title='bbox 288 1488 338 1544; x_wconf 90' lang='lat' dir='ltr'><strong>tus</strong></span> <span class='ocrx_word' id='word_1_81' title='bbox 362 1480 444 1541; x_wconf 89' lang='lat' dir='ltr'><strong>enim</strong></span> <span class='ocrx_word' id='word_1_82' title='bbox 467 1477 611 1561; x_wconf 85' lang='lat' dir='ltr'><strong>proximo</strong></span> <span class='ocrx_word' id='word_1_83' title='bbox 634 1494 720 1540; x_wconf 93' lang='lat' dir='ltr'><strong>anno</strong></span> <span class='ocrx_word' id='word_1_84' title='bbox 744 1475 849 1554; x_wconf 71' lang='lat'><strong>(394)</strong></span> <span class='ocrx_word' id='word_1_85' title='bbox 872 1495 930 1559; x_wconf 90' lang='lat' dir='ltr'><strong>per</strong></span> <span class='ocrx_word' id='word_1_86' title='bbox 947 1471 1168 1538; x_wconf 85' lang='lat' dir='ltr'><strong>Macedoniam</strong></span> <span class='ocrx_word' id='word_1_87' title='bbox 1192 1482 1225 1536; x_wconf 89' lang='lat' dir='ltr'><strong>et</strong></span> <span class='ocrx_word' id='word_1_88' title='bbox 1241 1473 1339 1536; x_wconf 89' lang='lat' dir='ltr'><strong>Thes-</strong></span> 
     </span>
     <span class='ocr_line' id='line_1_13' title="bbox 287 1577 1339 1661; baseline -0.004 -16"><span class='ocrx_word' id='word_1_89' title='bbox 287 1579 396 1646; x_wconf 84' lang='lat' dir='ltr'><strong>saliam</strong></span> <span class='ocrx_word' id='word_1_90' title='bbox 417 1583 450 1644; x_wconf 93' lang='lat' dir='ltr'><strong>in</strong></span> <span class='ocrx_word' id='word_1_91' title='bbox 467 1579 633 1644; x_wconf 85' lang='lat' dir='ltr'><strong>Graeciam</strong></span> <span class='ocrx_word' id='word_1_92' title='bbox 655 1598 800 1661; x_wconf 76' lang='lat' dir='ltr'><strong>reversus</strong></span> <span class='ocrx_word' id='word_1_93' title='bbox 825 1586 872 1640; x_wconf 93' lang='lat' dir='ltr'><strong>est</strong></span> <span class='ocrx_word' id='word_1_94' title='bbox 890 1577 947 1656; x_wconf 88' lang='grc'>99).</span> <span class='ocrx_word' id='word_1_95' title='bbox 992 1577 1229 1640; x_wconf 84' lang='lat' dir='ltr'><strong>Harmostarum</strong></span> <span class='ocrx_word' id='word_1_96' title='bbox 1253 1597 1339 1654; x_wconf 89' lang='lat' dir='ltr'><strong>vero,</strong></span> 
     </span>
     <span class='ocr_line' id='line_1_14' title="bbox 288 1673 1339 1770; baseline -0.003 -22"><span class='ocrx_word' id='word_1_97' title='bbox 288 1673 368 1770; x_wconf 82' lang='lat' dir='ltr'><strong>quos</strong></span> <span class='ocrx_word' id='word_1_98' title='bbox 392 1684 512 1770; x_wconf 86' lang='lat' dir='ltr'><strong>Ephesi</strong></span> <span class='ocrx_word' id='word_1_99' title='bbox 534 1692 566 1747; x_wconf 92' lang='lat' dir='ltr'><strong>et</strong></span> <span class='ocrx_word' id='word_1_100' title='bbox 587 1685 620 1746; x_wconf 94' lang='lat' dir='ltr'><strong>in</strong></span> <span class='ocrx_word' id='word_1_101' title='bbox 643 1683 775 1746; x_wconf 90' lang='lat' dir='ltr'><strong>caeteris</strong></span> <span class='ocrx_word' id='word_1_102' title='bbox 795 1681 905 1744; x_wconf 90' lang='lat' dir='ltr'><strong>Ioniae</strong></span> <span class='ocrx_word' id='word_1_103' title='bbox 929 1679 1107 1744; x_wconf 83' lang='lat' dir='ltr'><strong>civitatibus</strong></span> <span class='ocrx_word' id='word_1_104' title='bbox 1121 1680 1271 1764; x_wconf 83' lang='lat' dir='ltr'><strong>Spartani</strong></span> <span class='ocrx_word' id='word_1_105' title='bbox 1294 1703 1339 1746; x_wconf 92' lang='lat' dir='ltr'><strong>re-</strong></span> 
     </span>
     <span class='ocr_line' id='line_1_15' title="bbox 287 1781 1337 1874; baseline -0.002 -24"><span class='ocrx_word' id='word_1_106' title='bbox 287 1787 452 1872; x_wconf 87' lang='lat' dir='ltr'><strong>liquerant,</strong></span> <span class='ocrx_word' id='word_1_107' title='bbox 473 1788 637 1871; x_wconf 90' lang='lat' dir='ltr'><strong>imperium</strong></span> <span class='ocrx_word' id='word_1_108' title='bbox 660 1805 761 1869; x_wconf 91' lang='lat' dir='ltr'><strong>usque</strong></span> <span class='ocrx_word' id='word_1_109' title='bbox 783 1782 823 1846; x_wconf 88' lang='lat' dir='ltr'><strong>ad</strong></span> <span class='ocrx_word' id='word_1_110' title='bbox 845 1781 878 1846; x_wconf 95' lang='lat' dir='ltr'><strong>id</strong></span> <span class='ocrx_word' id='word_1_111' title='bbox 896 1791 1021 1868; x_wconf 90' lang='lat' dir='ltr'><strong>tempus</strong></span> <span class='ocrx_word' id='word_1_112' title='bbox 1042 1785 1194 1874; x_wconf 84' lang='lat' dir='ltr'><strong>intactum</strong></span> <span class='ocrx_word' id='word_1_113' title='bbox 1216 1787 1337 1863; x_wconf 83' lang='lat' dir='ltr'><strong>mansit,</strong></span> 
     </span>
     <span class='ocr_line' id='line_1_16' title="bbox 288 1886 1337 1974; baseline 0.002 -23"><span class='ocrx_word' id='word_1_114' title='bbox 288 1909 352 1974; x_wconf 90' lang='lat' dir='ltr'><strong>quo</strong></span> <span class='ocrx_word' id='word_1_115' title='bbox 376 1887 524 1972; x_wconf 82' lang='lat' dir='ltr'><strong>Spartani</strong></span> <span class='ocrx_word' id='word_1_116' title='bbox 546 1886 587 1952; x_wconf 91' lang='lat' dir='ltr'><strong>ad</strong></span> <span class='ocrx_word' id='word_1_117' title='bbox 611 1886 752 1952; x_wconf 84' lang='lat' dir='ltr'><strong>Gnidum</strong></span> <span class='ocrx_word' id='word_1_118' title='bbox 774 1889 848 1950; x_wconf 89' lang='lat' dir='ltr'><strong>victi</strong></span> <span class='ocrx_word' id='word_1_119' title='bbox 870 1895 952 1950; x_wconf 90' lang='lat' dir='ltr'><strong>sunt.</strong></span> <span class='ocrx_word' id='word_1_120' title='bbox 1000 1887 1081 1950; x_wconf 93' lang='lat' dir='ltr'><strong>Tum</strong></span> <span class='ocrx_word' id='word_1_121' title='bbox 1105 1890 1197 1965; x_wconf 92' lang='lat' dir='ltr'><strong>enim,</strong></span> <span class='ocrx_word' id='word_1_122' title='bbox 1220 1888 1337 1974; x_wconf 89' lang='lat' dir='ltr'><strong>ubique</strong></span> 
     </span>
     <span class='ocr_line' id='line_1_17' title="bbox 288 1989 1337 2078; baseline 0 -22"><span class='ocrx_word' id='word_1_123' title='bbox 288 1992 452 2077; x_wconf 85' lang='lat' dir='ltr'><strong>Spartanis</strong></span> <span class='ocrx_word' id='word_1_124' title='bbox 475 1993 593 2077; x_wconf 80' lang='lat' dir='ltr'><strong>ejectis,</strong></span> <span class='ocrx_word' id='word_1_125' title='bbox 614 2011 725 2055; x_wconf 89' lang='lat' dir='ltr'><strong>omnes</strong></span> <span class='ocrx_word' id='word_1_126' title='bbox 748 1989 815 2056; x_wconf 86' lang='lat' dir='ltr'><strong>lere</strong></span> <span class='ocrx_word' id='word_1_127' title='bbox 837 1989 932 2056; x_wconf 89' lang='lat' dir='ltr'><strong>urbes</strong></span> <span class='ocrx_word' id='word_1_128' title='bbox 957 1999 989 2056; x_wconf 89' lang='lat' dir='ltr'><strong>et</strong></span> <span class='ocrx_word' id='word_1_129' title='bbox 1011 1991 1251 2058; x_wconf 84' lang='lat' dir='ltr'><strong>Atheniensium</strong></span> <span class='ocrx_word' id='word_1_130' title='bbox 1273 2014 1337 2078; x_wconf 83' lang='lat' dir='ltr'><strong>rur-</strong></span> 
     </span>
     <span class='ocr_line' id='line_1_18' title="bbox 243 2095 1339 2182; baseline -0.002 -22"><span class='ocrx_word' id='word_1_131' title='bbox 243 2114 246 2121; x_wconf 82' lang='lat'>&#39;</span> <span class='ocrx_word' id='word_1_132' title='bbox 287 2117 340 2160; x_wconf 88' lang='lat' dir='ltr'><strong>sus</strong></span> <span class='ocrx_word' id='word_1_133' title='bbox 363 2105 474 2182; x_wconf 84' lang='lat' dir='ltr'><strong>partes.</strong></span> <span class='ocrx_word' id='word_1_134' title='bbox 490 2104 617 2160; x_wconf 87' lang='lat' dir='ltr'><strong>secutae</strong></span> <span class='ocrx_word' id='word_1_135' title='bbox 640 2103 713 2158; x_wconf 94' lang='lat' dir='ltr'><strong>sunt</strong></span> <span class='ocrx_word' id='word_1_136' title='bbox 736 2103 768 2159; x_wconf 91' lang='lat' dir='ltr'><strong>et</strong></span> <span class='ocrx_word' id='word_1_137' title='bbox 795 2098 828 2160; x_wconf 90' lang='lat' dir='ltr'><strong>in</strong></span> <span class='ocrx_word' id='word_1_138' title='bbox 850 2095 1059 2172; x_wconf 81' lang='lat' dir='ltr'><strong>Pharnabazi,</strong></span> <span class='ocrx_word' id='word_1_139' title='bbox 1086 2099 1205 2181; x_wconf 90' lang='lat' dir='ltr'><strong>quippe</strong></span> <span class='ocrx_word' id='word_1_140' title='bbox 1228 2099 1283 2180; x_wconf 92' lang='lat' dir='ltr'><strong>qui</strong></span> <span class='ocrx_word' id='word_1_141' title='bbox 1304 2095 1339 2158; x_wconf 93' lang='lat' dir='ltr'><strong>li-</strong></span> 
     </span>
     <span class='ocr_line' id='line_1_19' title="bbox 286 2199 1425 2290; baseline -0.001 -26"><span class='ocrx_word' id='word_1_142' title='bbox 286 2199 440 2290; x_wconf 81' lang='lat' dir='ltr'><strong>bertatem</strong></span> <span class='ocrx_word' id='word_1_143' title='bbox 462 2201 500 2263; x_wconf 91' lang='lat' dir='ltr'><strong>iis</strong></span> <span class='ocrx_word' id='word_1_144' title='bbox 522 2201 719 2285; x_wconf 81' lang='lat' dir='ltr'><strong>promisisset</strong></span> <span class='ocrx_word' id='word_1_145' title='bbox 740 2209 852 2285; x_wconf 87' lang='lat' dir='ltr'><strong>partes</strong></span> <span class='ocrx_word' id='word_1_146' title='bbox 875 2202 1067 2264; x_wconf 86' lang='lat' dir='ltr'><strong>transierunt</strong></span> <span class='ocrx_word' id='word_1_147' title='bbox 1081 2201 1144 2280; x_wconf 83' lang='grc'><strong>99);</strong></span> <span class='ocrx_word' id='word_1_148' title='bbox 1168 2199 1338 2290; x_wconf 84' lang='lat' dir='ltr'><strong>Athenien-</strong></span> <span class='ocrx_word' id='word_1_149' title='bbox 1424 2205 1425 2218; x_wconf 63' lang='lat'>¹</span> 
     </span>
    </p>
   </div>
   <div class='ocr_carea' id='block_1_3' title="bbox 185 2301 1338 2390">
    <p class='ocr_par' dir='ltr' id='par_1_3' title="bbox 185 2301 1338 2390">
     <span class='ocr_line' id='line_1_20' title="bbox 185 2301 1338 2390; baseline 0 -22"><span class='ocrx_word' id='word_1_150' title='bbox 185 2379 194 2385; x_wconf 43' lang='lat'><em>,</em></span> <span class='ocrx_word' id='word_1_151' title='bbox 287 2304 375 2369; x_wconf 90' lang='lat' dir='ltr'><strong>sibus</strong></span> <span class='ocrx_word' id='word_1_152' title='bbox 397 2303 579 2381; x_wconf 87' lang='lat' dir='ltr'><strong>victoribus,</strong></span> <span class='ocrx_word' id='word_1_153' title='bbox 602 2301 734 2368; x_wconf 90' lang='lat' dir='ltr'><strong>Cononi</strong></span> <span class='ocrx_word' id='word_1_154' title='bbox 755 2306 896 2390; x_wconf 89' lang='lat' dir='ltr'><strong>inprimis</strong></span> <span class='ocrx_word' id='word_1_155' title='bbox 926 2313 957 2369; x_wconf 90' lang='lat' dir='ltr'><strong>et</strong></span> <span class='ocrx_word' id='word_1_156' title='bbox 980 2303 1150 2386; x_wconf 87' lang='lat' dir='ltr'><strong>Timotheo</strong></span> <span class='ocrx_word' id='word_1_157' title='bbox 1173 2305 1285 2368; x_wconf 88' lang='lat' dir='ltr'><strong>statuis</strong></span> <span class='ocrx_word' id='word_1_158' title='bbox 1308 2313 1338 2368; x_wconf 90' lang='lat' dir='ltr'><strong>et</strong></span> 
     </span>
    </p>
   </div>
   <div class='ocr_carea' id='block_1_4' title="bbox 236 2389 1424 3112">
    <p class='ocr_par' dir='ltr' id='par_1_4' title="bbox 236 2389 1424 3112">
     <span class='ocr_line' id='line_1_21' title="bbox 287 2389 1424 2493; baseline 0 -23"><span class='ocrx_word' id='word_1_159' title='bbox 287 2407 326 2472; x_wconf 90' lang='lat' dir='ltr'><strong>ab</strong></span> <span class='ocrx_word' id='word_1_160' title='bbox 343 2409 488 2493; x_wconf 89' lang='lat' dir='ltr'><strong>Ephesiis</strong></span> <span class='ocrx_word' id='word_1_161' title='bbox 502 2409 616 2492; x_wconf 90' lang='lat' dir='ltr'><strong>positis</strong></span> <span class='ocrx_word' id='word_1_162' title='bbox 632 2409 680 2486; x_wconf 83' lang='lat'><strong>⁹²)</strong></span> <span class='ocrx_word' id='word_1_163' title='bbox 697 2409 777 2470; x_wconf 92' lang='lat' dir='ltr'><strong>etin</strong></span> <span class='ocrx_word' id='word_1_164' title='bbox 792 2406 861 2470; x_wconf 88' lang='lat' dir='ltr'><strong>aliis</strong></span> <span class='ocrx_word' id='word_1_165' title='bbox 877 2427 1003 2491; x_wconf 91' lang='lat' dir='ltr'><strong>quoque</strong></span> <span class='ocrx_word' id='word_1_166' title='bbox 1018 2389 1205 2470; x_wconf 82' lang='lat' dir='ltr'><strong>civitatibus.</strong></span> <span class='ocrx_word' id='word_1_167' title='bbox 1245 2407 1339 2472; x_wconf 88' lang='lat' dir='ltr'><strong>Phar·</strong></span> <span class='ocrx_word' id='word_1_168' title='bbox 1423 2443 1424 2448; x_wconf 19' lang='grc' dir='ltr'><strong>κ</strong></span> 
     </span>
     <span class='ocr_line' id='line_1_22' title="bbox 286 2509 1338 2593; baseline 0.001 -20"><span class='ocrx_word' id='word_1_169' title='bbox 286 2509 425 2573; x_wconf 86' lang='lat' dir='ltr'><strong>nabazus</strong></span> <span class='ocrx_word' id='word_1_170' title='bbox 441 2518 553 2585; x_wconf 89' lang='lat' dir='ltr'><strong>autem,</strong></span> <span class='ocrx_word' id='word_1_171' title='bbox 576 2531 671 2593; x_wconf 92' lang='lat' dir='ltr'><strong>quum</strong></span> <span class='ocrx_word' id='word_1_172' title='bbox 687 2509 835 2576; x_wconf 90' lang='lat' dir='ltr'><strong>Cononis</strong></span> <span class='ocrx_word' id='word_1_173' title='bbox 854 2510 993 2588; x_wconf 82' lang='lat' dir='ltr'><strong>consiliis</strong></span> <span class='ocrx_word' id='word_1_174' title='bbox 1008 2520 1112 2574; x_wconf 89' lang='lat' dir='ltr'><strong>motus</strong></span> <span class='ocrx_word' id='word_1_175' title='bbox 1128 2509 1223 2574; x_wconf 88' lang='lat' dir='ltr'><strong>urbes</strong></span> <span class='ocrx_word' id='word_1_176' title='bbox 1239 2509 1338 2575; x_wconf 82' lang='lat' dir='ltr'><strong>Grae</strong></span> 
     </span>
     <span class='ocr_line' id='line_1_23' title="bbox 236 2609 1337 2696; baseline 0.005 -22"><span class='ocrx_word' id='word_1_177' title='bbox 236 2629 244 2642; x_wconf 72' lang='grc'><strong>“</strong></span> <span class='ocrx_word' id='word_1_178' title='bbox 287 2632 340 2674; x_wconf 89' lang='lat' dir='ltr'><strong>cas</strong></span> <span class='ocrx_word' id='word_1_179' title='bbox 362 2631 473 2674; x_wconf 85' lang='lat' dir='ltr'><strong>revera</strong></span> <span class='ocrx_word' id='word_1_180' title='bbox 488 2609 655 2674; x_wconf 91' lang='lat' dir='ltr'><strong>liberasset</strong></span> <span class='ocrx_word' id='word_1_181' title='bbox 670 2612 726 2690; x_wconf 83' lang='grc'><strong>99),</strong></span> <span class='ocrx_word' id='word_1_182' title='bbox 749 2613 910 2696; x_wconf 90' lang='lat' dir='ltr'><strong>Ephesum</strong></span> <span class='ocrx_word' id='word_1_183' title='bbox 928 2635 962 2678; x_wconf 87' lang='lat' dir='ltr'><strong>se</strong></span> <span class='ocrx_word' id='word_1_184' title='bbox 979 2612 1114 2678; x_wconf 88' lang='lat' dir='ltr'><strong>contulit</strong></span> <span class='ocrx_word' id='word_1_185' title='bbox 1129 2614 1177 2692; x_wconf 81' lang='grc'><strong>99)</strong></span> <span class='ocrx_word' id='word_1_186' title='bbox 1194 2623 1227 2677; x_wconf 93' lang='lat' dir='ltr'><strong>et</strong></span> <span class='ocrx_word' id='word_1_187' title='bbox 1240 2614 1337 2680; x_wconf 87' lang='lat' dir='ltr'><strong>rebus</strong></span> 
     </span>
     <span class='ocr_line' id='line_1_24' title="bbox 286 2712 1336 2802; baseline 0.002 -24"><span class='ocrx_word' id='word_1_188' title='bbox 286 2714 332 2778; x_wconf 93' lang='lat' dir='ltr'><strong>ibi</strong></span> <span class='ocrx_word' id='word_1_189' title='bbox 352 2714 469 2778; x_wconf 87' lang='lat' dir='ltr'><strong>Ionicis</strong></span> <span class='ocrx_word' id='word_1_190' title='bbox 492 2712 654 2790; x_wconf 88' lang='lat' dir='ltr'><strong>ordinatis,</strong></span> <span class='ocrx_word' id='word_1_191' title='bbox 676 2717 709 2777; x_wconf 93' lang='lat' dir='ltr'><strong>in</strong></span> <span class='ocrx_word' id='word_1_192' title='bbox 727 2714 895 2800; x_wconf 77' lang='lat' dir='ltr'><strong>Phrygiam</strong></span> <span class='ocrx_word' id='word_1_193' title='bbox 919 2719 1086 2802; x_wconf 89' lang='lat' dir='ltr'><strong>satrapiam</strong></span> <span class='ocrx_word' id='word_1_194' title='bbox 1108 2737 1257 2780; x_wconf 89' lang='lat' dir='ltr'><strong>reversus</strong></span> <span class='ocrx_word' id='word_1_195' title='bbox 1281 2727 1336 2782; x_wconf 89' lang='lat' dir='ltr'><strong>est.</strong></span> 
     </span>
     <span class='ocr_line' id='line_1_25' title="bbox 289 2816 1422 2906; baseline 0.007 -27"><span class='ocrx_word' id='word_1_196' title='bbox 289 2853 329 2867; x_wconf 90' lang='lat'><em>-</em></span> <span class='ocrx_word' id='word_1_197' title='bbox 353 2818 475 2880; x_wconf 88' lang='lat' dir='ltr'><strong>Rursus</strong></span> <span class='ocrx_word' id='word_1_198' title='bbox 497 2818 594 2902; x_wconf 85' lang='lat' dir='ltr'><strong>igitur</strong></span> <span class='ocrx_word' id='word_1_199' title='bbox 616 2816 760 2902; x_wconf 88' lang='lat' dir='ltr'><strong>Ephesus</strong></span> <span class='ocrx_word' id='word_1_200' title='bbox 790 2816 830 2879; x_wconf 88' lang='lat' dir='ltr'><strong>ab</strong></span> <span class='ocrx_word' id='word_1_201' title='bbox 855 2819 1108 2898; x_wconf 78' lang='lat' dir='ltr'><strong>Atheniensium,</strong></span> <span class='ocrx_word' id='word_1_202' title='bbox 1136 2821 1251 2904; x_wconf 88' lang='lat' dir='ltr'><strong>quibus</strong></span> <span class='ocrx_word' id='word_1_203' title='bbox 1274 2823 1336 2906; x_wconf 89' lang='lat' dir='ltr'><strong>jam</strong></span> <span class='ocrx_word' id='word_1_204' title='bbox 1421 2887 1422 2904; x_wconf 61' lang='grc'>,</span> 
     </span>
     <span class='ocr_line' id='line_1_26' title="bbox 285 2915 1422 3005; baseline 0.006 -23"><span class='ocrx_word' id='word_1_205' title='bbox 285 2921 357 3005; x_wconf 89' lang='lat' dir='ltr'><strong>ipse</strong></span> <span class='ocrx_word' id='word_1_206' title='bbox 370 2920 439 2983; x_wconf 83' lang='lat' dir='ltr'><strong>Rex</strong></span> <span class='ocrx_word' id='word_1_207' title='bbox 462 2917 589 2982; x_wconf 84' lang='lat' dir='ltr'><strong>larebat</strong></span> <span class='ocrx_word' id='word_1_208' title='bbox 604 2919 662 2998; x_wconf 84' lang='grc'><strong>99),</strong></span> <span class='ocrx_word' id='word_1_209' title='bbox 683 2918 824 3004; x_wconf 89' lang='lat' dir='ltr'><strong>partibus</strong></span> <span class='ocrx_word' id='word_1_210' title='bbox 846 2925 940 2997; x_wconf 85' lang='lat' dir='ltr'><strong>stetit,</strong></span> <span class='ocrx_word' id='word_1_211' title='bbox 964 2920 1068 2988; x_wconf 88' lang='lat' dir='ltr'><strong>dovec</strong></span> <span class='ocrx_word' id='word_1_212' title='bbox 1083 2943 1168 2986; x_wconf 90' lang='lat' dir='ltr'><strong>anno</strong></span> <span class='ocrx_word' id='word_1_213' title='bbox 1191 2926 1259 2990; x_wconf 80' lang='lat'><strong>388</strong></span> <span class='ocrx_word' id='word_1_214' title='bbox 1274 2925 1337 2990; x_wconf 89' lang='lat' dir='ltr'><strong>An·</strong></span> <span class='ocrx_word' id='word_1_215' title='bbox 1421 2915 1422 2939; x_wconf 60' lang='lat'>¹</span> 
     </span>
     <span class='ocr_line' id='line_1_27' title="bbox 285 3019 1421 3112; baseline 0.004 -25"><span class='ocrx_word' id='word_1_216' title='bbox 285 3021 417 3088; x_wconf 84' lang='lat' dir='ltr'><strong>taleidas</strong></span> <span class='ocrx_word' id='word_1_217' title='bbox 439 3022 666 3109; x_wconf 86' lang='lat' dir='ltr'><strong>Spartanorum</strong></span> <span class='ocrx_word' id='word_1_218' title='bbox 694 3024 884 3104; x_wconf 88' lang='lat' dir='ltr'><strong>nauarchus,</strong></span> <span class='ocrx_word' id='word_1_219' title='bbox 913 3026 1073 3112; x_wconf 88' lang='lat' dir='ltr'><strong>Ephesum</strong></span> <span class='ocrx_word' id='word_1_220' title='bbox 1102 3028 1266 3112; x_wconf 89' lang='lat' dir='ltr'><strong>transjecit</strong></span> <span class='ocrx_word' id='word_1_221' title='bbox 1279 3019 1336 3106; x_wconf 81' lang='grc'><strong>99),</strong></span> <span class='ocrx_word' id='word_1_222' title='bbox 1420 3055 1421 3064; x_wconf 49' lang='lat'>¹</span> 
     </span>
    </p>
   </div>
   <div class='ocr_carea' id='block_1_5' title="bbox 181 3124 1336 3218">
    <p class='ocr_par' dir='ltr' id='par_1_5' title="bbox 181 3124 1336 3218">
     <span class='ocr_line' id='line_1_28' title="bbox 181 3124 1336 3218; baseline 0.002 -26"><span class='ocrx_word' id='word_1_223' title='bbox 181 3183 184 3196; x_wconf 87' lang='lat'>.</span> <span class='ocrx_word' id='word_1_224' title='bbox 285 3129 347 3216; x_wconf 90' lang='lat' dir='ltr'><strong>qui,</strong></span> <span class='ocrx_word' id='word_1_225' title='bbox 370 3136 402 3192; x_wconf 91' lang='lat' dir='ltr'><strong>et</strong></span> <span class='ocrx_word' id='word_1_226' title='bbox 423 3128 521 3216; x_wconf 85' lang='lat' dir='ltr'><strong>Regis</strong></span> <span class='ocrx_word' id='word_1_227' title='bbox 545 3129 677 3206; x_wconf 82' lang='lat' dir='ltr'><strong>amicus,</strong></span> <span class='ocrx_word' id='word_1_228' title='bbox 703 3137 735 3191; x_wconf 93' lang='lat' dir='ltr'><strong>et</strong></span> <span class='ocrx_word' id='word_1_229' title='bbox 756 3128 896 3215; x_wconf 79' lang='lat' dir='ltr'><strong>Agesilai</strong></span> <span class='ocrx_word' id='word_1_230' title='bbox 926 3124 1003 3195; x_wconf 91' lang='lat' dir='ltr'><strong>olim</strong></span> <span class='ocrx_word' id='word_1_231' title='bbox 1030 3133 1092 3218; x_wconf 85' lang='lat' dir='ltr'><strong>jain</strong></span> <span class='ocrx_word' id='word_1_232' title='bbox 1119 3131 1264 3200; x_wconf 84' lang='lat' dir='ltr'><strong>inimicus</strong></span> <span class='ocrx_word' id='word_1_233' title='bbox 1281 3132 1336 3210; x_wconf 83' lang='grc'><strong>99),</strong></span> 
     </span>
    </p>
   </div>
   <div class='ocr_carea' id='block_1_6' title="bbox 283 3232 1419 3534">
    <p class='ocr_par' dir='ltr' id='par_1_6' title="bbox 283 3232 1419 3534">
     <span class='ocr_line' id='line_1_29' title="bbox 284 3232 1336 3320; baseline 0.002 -22"><span class='ocrx_word' id='word_1_234' title='bbox 284 3233 378 3298; x_wconf 89' lang='lat' dir='ltr'><strong>maris</strong></span> <span class='ocrx_word' id='word_1_235' title='bbox 399 3233 533 3318; x_wconf 88' lang='lat' dir='ltr'><strong>imperio</strong></span> <span class='ocrx_word' id='word_1_236' title='bbox 562 3233 683 3317; x_wconf 83' lang='lat' dir='ltr'><strong>potitus</strong></span> <span class='ocrx_word' id='word_1_237' title='bbox 713 3241 761 3298; x_wconf 91' lang='lat' dir='ltr'><strong>est</strong></span> <span class='ocrx_word' id='word_1_238' title='bbox 776 3232 825 3313; x_wconf 88' lang='grc'><strong>99)</strong></span> <span class='ocrx_word' id='word_1_239' title='bbox 855 3243 887 3296; x_wconf 90' lang='lat' dir='ltr'><strong>et</strong></span> <span class='ocrx_word' id='word_1_240' title='bbox 915 3253 1000 3298; x_wconf 91' lang='lat' dir='ltr'><strong>anno</strong></span> <span class='ocrx_word' id='word_1_241' title='bbox 1028 3236 1207 3320; x_wconf 88' lang='lat' dir='ltr'><strong>insequenti</strong></span> <span class='ocrx_word' id='word_1_242' title='bbox 1229 3236 1336 3315; x_wconf 80' lang='lat'>(387)</span> 
     </span>
     <span class='ocr_line' id='line_1_30' title="bbox 283 3335 1335 3421; baseline 0.007 -25"><span class='ocrx_word' id='word_1_243' title='bbox 283 3355 394 3419; x_wconf 90' lang='lat' dir='ltr'><strong>pacem</strong></span> <span class='ocrx_word' id='word_1_244' title='bbox 418 3356 487 3400; x_wconf 86' lang='lat' dir='ltr'><strong>cum</strong></span> <span class='ocrx_word' id='word_1_245' title='bbox 501 3335 606 3398; x_wconf 88' lang='lat' dir='ltr'><strong>Parsis</strong></span> <span class='ocrx_word' id='word_1_246' title='bbox 628 3337 705 3414; x_wconf 90' lang='lat' dir='ltr'><strong>iniit,</strong></span> <span class='ocrx_word' id='word_1_247' title='bbox 729 3358 789 3421; x_wconf 90' lang='lat' dir='ltr'><strong>qua</strong></span> <span class='ocrx_word' id='word_1_248' title='bbox 805 3335 997 3402; x_wconf 90' lang='lat' dir='ltr'><strong>Graecarum</strong></span> <span class='ocrx_word' id='word_1_249' title='bbox 1015 3339 1048 3402; x_wconf 89' lang='lat' dir='ltr'><strong>in</strong></span> <span class='ocrx_word' id='word_1_250' title='bbox 1066 3337 1141 3401; x_wconf 91' lang='lat' dir='ltr'><strong>Asia</strong></span> <span class='ocrx_word' id='word_1_251' title='bbox 1164 3341 1335 3404; x_wconf 89' lang='lat' dir='ltr'><strong>civitatium</strong></span> 
     </span>
     <span class='ocr_line' id='line_1_31' title="bbox 283 3433 1419 3534; baseline 0.01 -38"><span class='ocrx_word' id='word_1_252' title='bbox 283 3433 415 3534; x_wconf 81' lang='lat' dir='ltr'><strong>libertas</strong></span> <span class='ocrx_word' id='word_1_253' title='bbox 438 3435 580 3502; x_wconf 89' lang='lat' dir='ltr'><strong>barbaris</strong></span> <span class='ocrx_word' id='word_1_254' title='bbox 602 3459 709 3503; x_wconf 88' lang='lat' dir='ltr'><strong>rursus</strong></span> <span class='ocrx_word' id='word_1_255' title='bbox 730 3437 857 3524; x_wconf 89' lang='lat' dir='ltr'><strong>prodita</strong></span> <span class='ocrx_word' id='word_1_256' title='bbox 887 3450 936 3504; x_wconf 88' lang='lat' dir='ltr'><strong>est</strong></span> <span class='ocrx_word' id='word_1_257' title='bbox 951 3441 1010 3520; x_wconf 89' lang='grc'><strong>99).</strong></span> <span class='ocrx_word' id='word_1_258' title='bbox 1046 3479 1089 3492; x_wconf 85' lang='grc'><strong>-</strong></span> <span class='ocrx_word' id='word_1_259' title='bbox 1126 3440 1192 3506; x_wconf 89' lang='lat' dir='ltr'><strong>Sed</strong></span> <span class='ocrx_word' id='word_1_260' title='bbox 1216 3452 1249 3507; x_wconf 90' lang='lat' dir='ltr'><strong>et</strong></span> <span class='ocrx_word' id='word_1_261' title='bbox 1272 3441 1334 3507; x_wconf 93' lang='lat' dir='ltr'><strong>alio</strong></span> <span class='ocrx_word' id='word_1_262' title='bbox 1416 3451 1419 3464; x_wconf 77' lang='lat'><strong>⁴</strong></span> 
     </span>
    </p>
   </div>
   <div class='ocr_carea' id='block_1_7' title="bbox 282 3640 1418 4153">
    <p class='ocr_par' dir='ltr' id='par_1_7' title="bbox 354 3640 1334 3723">
     <span class='ocr_line' id='line_1_32' title="bbox 354 3640 1334 3723; baseline 0.011 -28"><span class='ocrx_word' id='word_1_263' title='bbox 354 3640 408 3711; x_wconf 86' lang='lat' dir='ltr'><strong>ss)</strong></span> <span class='ocrx_word' id='word_1_264' title='bbox 424 3647 493 3698; x_wconf 77' lang='lat' dir='ltr'><strong>xes.</strong></span> <span class='ocrx_word' id='word_1_265' title='bbox 512 3649 561 3718; x_wconf 92' lang='grc' dir='ltr'>ιιι,</span> <span class='ocrx_word' id='word_1_266' title='bbox 579 3648 607 3718; x_wconf 83' lang='grc' dir='ltr'>ι,</span> <span class='ocrx_word' id='word_1_267' title='bbox 631 3649 756 3703; x_wconf 82' lang='lat' dir='ltr'><strong>ao-as.</strong></span> <span class='ocrx_word' id='word_1_268' title='bbox 774 3675 811 3688; x_wconf 89' lang='lat'><em>-</em></span> <span class='ocrx_word' id='word_1_269' title='bbox 828 3651 878 3719; x_wconf 91' lang='grc' dir='ltr'>ιιι,</span> <span class='ocrx_word' id='word_1_270' title='bbox 896 3648 922 3702; x_wconf 82' lang='lat' dir='ltr'><strong>s.</strong></span> <span class='ocrx_word' id='word_1_271' title='bbox 944 3651 981 3703; x_wconf 84' lang='lat' dir='ltr'><strong>m.</strong></span> <span class='ocrx_word' id='word_1_272' title='bbox 1070 3649 1122 3720; x_wconf 82' lang='lat' dir='ltr'><strong>ss)</strong></span> <span class='ocrx_word' id='word_1_273' title='bbox 1144 3653 1211 3704; x_wconf 81' lang='lat' dir='ltr'><strong>rasa.</strong></span> <span class='ocrx_word' id='word_1_274' title='bbox 1235 3655 1290 3723; x_wconf 92' lang='grc' dir='ltr'>ιιι,</span> <span class='ocrx_word' id='word_1_275' title='bbox 1307 3651 1334 3723; x_wconf 79' lang='grc' dir='ltr'>ι,</span> 
     </span>
    </p>

    <p class='ocr_par' dir='ltr' id='par_1_8' title="bbox 282 3727 1418 4153">
     <span class='ocr_line' id='line_1_33' title="bbox 282 3727 1418 3809; baseline 0.01 -27"><span class='ocrx_word' id='word_1_276' title='bbox 282 3727 327 3782; x_wconf 82' lang='lat' dir='ltr'><strong>ne.</strong></span> <span class='ocrx_word' id='word_1_277' title='bbox 407 3729 763 3804; x_wconf 80' lang='lat' dir='ltr'><strong>so)rara.1v,a,1-a.</strong></span> <span class='ocrx_word' id='word_1_278' title='bbox 798 3736 1002 3804; x_wconf 66' lang='lat' dir='ltr'><strong>vuar-t.</strong></span> <span class='ocrx_word' id='word_1_279' title='bbox 1083 3735 1333 3809; x_wconf 64' lang='lat' dir='ltr'><strong>animatus,</strong></span> <span class='ocrx_word' id='word_1_280' title='bbox 1417 3729 1418 3755; x_wconf 47' lang='lat' dir='ltr'><strong>l</strong></span> 
     </span>
     <span class='ocr_line' id='line_1_34' title="bbox 282 3815 1333 3892; baseline 0.008 -24"><span class='ocrx_word' id='word_1_281' title='bbox 282 3815 320 3868; x_wconf 88' lang='lat' dir='ltr'><strong>in.</strong></span> <span class='ocrx_word' id='word_1_282' title='bbox 339 3818 416 3870; x_wconf 84' lang='lat' dir='ltr'><strong>Diod.</strong></span> <span class='ocrx_word' id='word_1_283' title='bbox 435 3819 491 3871; x_wconf 77' lang='lat' dir='ltr'><strong>Sir.</strong></span> <span class='ocrx_word' id='word_1_284' title='bbox 509 3823 583 3886; x_wconf 82' lang='lat' dir='ltr'><strong>xlv,</strong></span> <span class='ocrx_word' id='word_1_285' title='bbox 602 3818 646 3872; x_wconf 78' lang='lat' dir='ltr'><strong>st.</strong></span> <span class='ocrx_word' id='word_1_286' title='bbox 716 3820 768 3887; x_wconf 76' lang='lat'><strong>92)</strong></span> <span class='ocrx_word' id='word_1_287' title='bbox 787 3825 903 3875; x_wconf 85' lang='lat' dir='ltr'><strong>Pausan.</strong></span> <span class='ocrx_word' id='word_1_288' title='bbox 922 3823 971 3892; x_wconf 88' lang='lat' dir='ltr'><strong>v1,</strong></span> <span class='ocrx_word' id='word_1_289' title='bbox 987 3821 1068 3889; x_wconf 83' lang='lat'><strong>3,16.</strong></span> <span class='ocrx_word' id='word_1_290' title='bbox 1139 3822 1192 3890; x_wconf 83' lang='grc'><strong>93)</strong></span> <span class='ocrx_word' id='word_1_291' title='bbox 1209 3827 1333 3890; x_wconf 81' lang='lat' dir='ltr'><strong>Xenoph.</strong></span> 
     </span>
     <span class='ocr_line' id='line_1_35' title="bbox 284 3901 1334 3978; baseline 0.01 -26"><span class='ocrx_word' id='word_1_292' title='bbox 284 3901 445 3972; x_wconf 84' lang='lat' dir='ltr'><strong>rv,s,a..</strong></span> <span class='ocrx_word' id='word_1_293' title='bbox 492 3901 785 3975; x_wconf 69' lang='lat' dir='ltr'><strong>somniuae.</strong></span> <span class='ocrx_word' id='word_1_294' title='bbox 856 3905 908 3973; x_wconf 79' lang='lat' dir='ltr'><strong>es)</strong></span> <span class='ocrx_word' id='word_1_295' title='bbox 930 3907 1205 3978; x_wconf 70' lang='lat' dir='ltr'><strong>ramasses.</strong></span> <span class='ocrx_word' id='word_1_296' title='bbox 1280 3907 1334 3976; x_wconf 83' lang='lat' dir='ltr'><strong>aa)</strong></span> 
     </span>
     <span class='ocr_line' id='line_1_36' title="bbox 283 3987 1416 4063; baseline 0.011 -25"><span class='ocrx_word' id='word_1_297' title='bbox 283 3989 319 4056; x_wconf 85' lang='lat' dir='ltr'><strong>V,</strong></span> <span class='ocrx_word' id='word_1_298' title='bbox 339 3987 364 4056; x_wconf 92' lang='lat'><strong>1,</strong></span> <span class='ocrx_word' id='word_1_299' title='bbox 383 3987 409 4041; x_wconf 83' lang='grc'><strong>6.</strong></span> <span class='ocrx_word' id='word_1_300' title='bbox 446 3987 488 4041; x_wconf 78' lang='lat' dir='ltr'><strong>Gt.</strong></span> <span class='ocrx_word' id='word_1_301' title='bbox 506 3993 578 4044; x_wconf 87' lang='lat' dir='ltr'><strong>Plnt.</strong></span> <span class='ocrx_word' id='word_1_302' title='bbox 595 3995 680 4057; x_wconf 82' lang='lat' dir='ltr'><strong>Ages.</strong></span> <span class='ocrx_word' id='word_1_303' title='bbox 697 3991 743 4043; x_wconf 79' lang='lat'><strong>21.</strong></span> <span class='ocrx_word' id='word_1_304' title='bbox 760 3991 804 4044; x_wconf 77' lang='grc'><strong>22.</strong></span> <span class='ocrx_word' id='word_1_305' title='bbox 875 3991 930 4062; x_wconf 86' lang='grc'><strong>97)</strong></span> <span class='ocrx_word' id='word_1_306' title='bbox 948 3995 1066 4048; x_wconf 84' lang='lat' dir='ltr'><strong>Plutib.</strong></span> <span class='ocrx_word' id='word_1_307' title='bbox 1079 3995 1123 4048; x_wconf 77' lang='lat'><strong>23.</strong></span> <span class='ocrx_word' id='word_1_308' title='bbox 1194 3991 1248 4063; x_wconf 86' lang='grc'><strong>98)</strong></span> <span class='ocrx_word' id='word_1_309' title='bbox 1261 3999 1355 4058; x_wconf 67' lang='lat' dir='ltr'><strong>xeo..</strong></span> <span class='ocrx_word' id='word_1_310' title='bbox 1415 4003 1416 4014; x_wconf 60' lang='lat'>³</span> 
     </span>
     <span class='ocr_line' id='line_1_37' title="bbox 282 4064 1332 4153; baseline 0.01 -26"><span class='ocrx_word' id='word_1_311' title='bbox 282 4076 319 4145; x_wconf 86' lang='lat' dir='ltr'><strong>v,</strong></span> <span class='ocrx_word' id='word_1_312' title='bbox 336 4076 360 4145; x_wconf 93' lang='grc' dir='ltr'>ι,</span> <span class='ocrx_word' id='word_1_313' title='bbox 377 4073 503 4132; x_wconf 82' lang='lat' dir='ltr'><strong>aa-ss.</strong></span> <span class='ocrx_word' id='word_1_314' title='bbox 574 4073 627 4146; x_wconf 83' lang='lat' dir='ltr'><strong>se)</strong></span> <span class='ocrx_word' id='word_1_315' title='bbox 645 4079 715 4132; x_wconf 68' lang='grc' dir='ltr'>ιιι.</span> <span class='ocrx_word' id='word_1_316' title='bbox 732 4080 774 4149; x_wconf 91' lang='lat' dir='ltr'><strong>v,</strong></span> <span class='ocrx_word' id='word_1_317' title='bbox 794 4077 823 4150; x_wconf 91' lang='lat'><strong>1,</strong></span> <span class='ocrx_word' id='word_1_318' title='bbox 848 4077 893 4134; x_wconf 87' lang='lat' dir='ltr'><strong>ar.</strong></span> <span class='ocrx_word' id='word_1_319' title='bbox 910 4106 948 4120; x_wconf 91' lang='lat'><em>-</em></span> <span class='ocrx_word' id='word_1_320' title='bbox 964 4079 1006 4135; x_wconf 80' lang='lat' dir='ltr'><strong>er.</strong></span> <span class='ocrx_word' id='word_1_321' title='bbox 1024 4064 1135 4136; x_wconf 74' lang='lat' dir='ltr'><strong>mnia.</strong></span> <span class='ocrx_word' id='word_1_322' title='bbox 1153 4086 1264 4138; x_wconf 67' lang='lat' dir='ltr'><strong>nouae.</strong></span> <span class='ocrx_word' id='word_1_323' title='bbox 1278 4085 1332 4153; x_wconf 86' lang='lat'><strong>111,</strong></span> 
     </span>
    </p>
   </div>
   <div class='ocr_carea' id='block_1_8' title="bbox 0 0 1438 4736">
    <p class='ocr_par' dir='ltr' id='par_1_9' title="bbox 0 0 1438 4736">
     <span class='ocr_line' id='line_1_38' title="bbox 0 0 1438 4736; baseline 0 1"><span class='ocrx_word' id='word_1_324' title='bbox 0 0 1438 4736; x_wconf 95' lang='lat' dir='ltr'><strong> </strong></span> 
     </span>
    </p>
   </div>
  </div>
 </body>
</html>
