2910 4726
1098 343 1102 356 ¹
1121 269 1191 341 167

222 449 305 514 litut
326 467 404 512 vero
428 456 484 524 est,
506 448 665 534 templum,
689 447 764 514 iicet
784 467 852 512 nou
872 458 1009 528 mutato,
1040 450 1127 535 quod
1151 451 1190 516 ad

129 561 294 616 externam
323 550 411 614 aedis
439 554 577 635 speciem
606 561 638 614 et
663 551 910 639 magnitudinem
939 557 1067 631 attinet,
1098 557 1189 638 primi

132 655 296 719 architecti
319 653 453 718 consilio
470 655 533 732 4Ι),
562 653 662 718 multo
693 677 785 740 quam
814 665 907 720 antea
930 654 1070 740 pulcrius
1095 666 1189 742 atque

130 756 387 845 magnificentius
404 777 448 820 ex
471 757 529 819 bac
551 762 782 822 restauratione
812 759 969 844 prodiisse
992 769 1117 822 constat
1132 761 1189 839 ⁴²).

133 859 261 926 Cellam
284 863 440 945 inprimis,
463 881 544 944 quae
566 859 666 924 multo
691 865 806 938 soritis,
837 883 929 945 quarn
952 870 1095 924 caeterae
1118 883 1190 946 par-

133 975 181 1028 tes
204 966 281 1050 igne
303 967 403 1048 petita
427 973 507 1040 erat,
536 982 623 1026 novo
646 963 743 1048 piane
767 962 903 1026 consilio
931 965 1119 1028 architectos
1142 986 1192 1028 ac-

119 1066 281 1132 tdiiicasse
298 1068 345 1146 43)
365 1070 494 1152 praeter
509 1065 678 1130 Strabonis
702 1065 808 1130 locum
831 1087 926 1150 supra
948 1065 1116 1144 laudatum,
1138 1065 1191 1158 vel

132 1174 202 1255 ipsa
225 1169 441 1233 columnarum
465 1168 653 1234 caelatarum
684 1173 803 1234 mentio
829 1179 915 1232 extra
939 1167 1067 1234 dubium
1090 1172 1190 1252 ponit,

134 1295 211 1358 quas
234 1276 268 1336 in
292 1271 372 1336 cella
395 1272 499 1336 locum
531 1272 677 1336 babuisse
700 1273 781 1336 inira
805 1271 991 1336 docebimus
1012 1270 1041 1353 §
1065 1272 1094 1347 2,
1118 1293 1192 1354 qua-

135 1399 270 1462 rumque
292 1397 367 1440 usus
390 1378 519 1439 nonnisi
540 1379 573 1438 in
597 1385 740 1460 tempora
769 1379 948 1439 recentiora
970 1372 1124 1458 quadrare
1146 1375 1193 1436 vi-

133 1481 237 1546 detur.
262 1517 302 1530 —
327 1477 532 1543 Accedebant
560 1477 683 1563 sculpta
712 1500 824 1564 opera,
854 1487 890 1542 ut
917 1486 1039 1540 statuae
1066 1484 1098 1538 et
1119 1485 1192 1538 anal

133 1583 265 1672 glypha,
289 1582 401 1667 quibus
423 1581 574 1667 templum
591 1581 689 1646 multo
707 1604 799 1667 quam
815 1589 917 1658 antea,
940 1578 1191 1666 magnificentius

135 1695 282 1750 ornatum
306 1695 353 1749 est
369 1687 442 1764 *4)-
477 1766 480 1775 Ι

224 1791 304 1853 Post
318 1789 526 1860 Dinocratem
547 1786 602 1852 vel
624 1787 759 1851 tortasse
781 1809 851 1850 cum
870 1787 1046 1850 Dinocrate
1070 1786 1192 1849 Thra-

136 1914 271 1957 sonem
294 1895 327 1955 in
350 1891 470 1976 templo
487 1888 711 1974 amplificando
731 1900 918 1976 occupatum
933 1892 1056 1954 scimus.
1102 1889 1193 1953 Fecit

134 2000 219 2060 enim
242 1995 297 2058 ille
320 1995 655 2072 Hecatesium⁴⁵)‚
686 1993 773 2077 quod
805 1992 1064 2078 opisthodomum
1095 1991 1192 2054 inisse

135 2123 173 2165 ex
196 2101 334 2164 Hecates
364 2108 466 2162 statua
494 2097 555 2176 (cf.
580 2119 606 2160 c.
629 2097 689 2173 ΙΙΙ,
711 2095 739 2178 §.
766 2099 822 2172 12,
847 2097 912 2174 ΙΧ)
936 2108 1082 2180 apparet,
1112 2113 1192 2178 quae

133 2213 235 2289 „post
258 2201 390 2266 aedem“
414 2202 511 2264 [uisse
533 2198 667 2261 traditur
683 2199 731 2274 ⁴⁸)
756 2208 787 2260 et
810 2219 847 2259 ex
870 2196 1045 2259 Pandrosei
1067 2217 1193 2280 compa-

133 2311 270 2384 ratione,
292 2303 379 2389 quod
401 2307 434 2367 iu
450 2303 615 2366 Minervae
634 2297 774 2363 Poiiadis
798 2297 878 2362 aede
901 2297 1036 2362 eundem
1060 2319 1191 2382 prorsus

69 2391 74 2404 ³
134 2413 229 2474 situm
253 2409 422 2492 occupavit
444 2404 504 2486 (ci.
528 2403 591 2468 tab.
615 2403 680 2482 ΙΙΙ)
697 2404 754 2480 ⁴⁷).

225 2513 279 2576 Sic
301 2513 397 2598 igitur
420 2531 438 2572 a
461 2516 582 2592 septem
605 2505 782 2569 architectis
810 2502 962 2588 templum
984 2501 1064 2566 illud
1087 2500 1192 2586 splen-

135 2617 331 2682 didissimum
353 2613 528 2699 perfectum
560 2618 607 2674 est
622 2610 685 2691 ⁴⁸);
715 2629 819 2692 neque
847 2609 881 2670 in
897 2613 951 2670 ‘eo
974 2602 1193 2680 restaurando,

135 2894 240 2933 nervae
259 2881 388 2941 templum
407 2874 560 2929 aedificavit
578 2877 658 2928 Paus.
676 2875 752 2940 Vlll,
771 2871 816 2936 47,
836 2871 850 2923 l
870 2887 910 2936 sq.
1007 2867 1059 2935 41)
1079 2871 1147 2921 llirt.
1167 2885 1191 2931 p.

137 2965 180 3018 19.
220 2965 262 3017 Gi.
281 2965 382 3029 Hygia.
401 2962 525 3015 CCXXV
548 2965 675 3025 templum
698 2961 802 3010 Dianae
821 2983 857 2995 -
874 2971 942 3022 rege
965 2959 1118 3008 Alexandro
1146 2967 1194 3005 re-

136 3053 287 3105 stituerunt
305 3045 472 3115 (Scheiier).
569 3047 621 3108 til)
636 3042 732 3097 'Alios
751 3039 843 3108 (νεὼν)
863 3038 981 3110 ἀμείνω
1001 3037 1194 3092 carcerarium

137 3140 228 3191 suan.
247 3140 266 3188 l.
285 3138 304 3186 Ι.
375 3130 429 3198 43)
448 3130 624 3194 arrepto.
643 3128 686 3179 21.
764 3121 817 3190 44)
837 3128 914 3186 Quod
927 3123 986 3188 jam
1005 3125 1109 3174 Hirtius
1127 3124 1194 3173 vidit

138 3241 164 3288 p.
183 3224 228 3274 20.
317 3217 370 3284 45)
386 3219 466 3290 Ἡμῖν
485 3219 511 3269 δὲ
529 3218 659 3267 ἐδείκνυτο
679 3215 723 3263 καὶ
741 3212 791 3262 τῶν
809 3209 946 3280 &panditis
965 3229 1022 3259 τινα
1044 3203 1131 3275 ,οὗπερ
1150 3209 1195 3258 καὶ

136 3309 171 3362 τὸ
187 3302 341 3375 ‘Erosium
359 3310 435 3358 ioco.
472 3304 561 3354 Strab.
579 3301 652 3366 xlv,
671 3313 697 3361 p.
717 3296 779 3350 641.
871 3292 923 3358 46)
942 3297 972 3344 Ιιι
991 3307 1090 3356 magun
1106 3292 1194 3342 aesti—
1296 3325 1300 3330 .

137 3395 259 3448 mationa
278 3398 321 3444 est
339 3425 368 3442 ..
386 3389 548 3442 Menestrati
567 3421 595 3436 ..
614 3389 719 3436 Hecate
733 3382 831 3447 Ephesi
849 3381 878 3430 in
896 3382 996 3442 templo
1011 3379 1114 3428 Dianae
1132 3382 1195 3439 post

139 3483 248 3546 aedem,
266 3479 293 3528 ir
313 3475 392 3542 cujus
415 3467 643 3537 contemplatione
666 3473 811 3522 admonent
835 3465 936 3516 aeditui
961 3476 1074 3526 parcere
1097 3462 1195 3524 ocrrlis,

140 3570 219 3618 tanta
242 3563 383 3614 numeris
405 3561 521 3612 radiatio
544 3564 588 3610 est
611 3557 679 3607 Pliu.
704 3553 835 3618 xxxvl,
858 3548 884 3600 4.
911 3549 950 3599 10.
988 3551 1065 3609 Quod
1083 3549 1116 3598 de
1135 3547 1196 3610 opi-

139 3653 284 3702 sthotono
303 3648 506 3712 intelligendum
531 3656 593 3694 esse
610 3640 669 3706 jam
695 3638 799 3690 monuit
824 3635 904 3700 Sillig
923 3633 1012 3684 (total.
1029 3634 1109 3684 Artis.
1128 3649 1151 3682 s.
1170 3647 1195 3680 v.

140 3740 336 3788 Menestratus.
406 3728 460 3797 47)
480 3729 522 3782 (ii.
540 3731 656 3780 Mueller
674 3729 707 3777 dc
725 3727 792 3776 aede
809 3723 948 3774 Minervae
967 3719 1088 3770 Poiiadis
1107 3719 1159 3767 tab.
1174 3717 1194 3765 l.

140 3824 251 3876 llaeclrn
269 3822 299 3874 0.
318 3824 340 3872 1.
359 3821 386 3886 1,
409 3834 436 3882 p.
458 3814 520 3868 ael.
556 3817 765 3866 Forchlrammer
788 3809 930 3860 ilelieuica
953 3809 1027 3856 Τοιιι.
1047 3806 1074 3868 l,
1097 3804 1151 3852 tab.
1174 3802 1196 3850 l.

142 3905 196 3973 48)
214 3910 257 3960 Ita
276 3909 395 3958 tortasse
413 3904 495 3954 Plinii
512 3903 596 3953 verba
615 3897 793 3961 intelligenda
813 3897 877 3944 suut
893 3893 973 3956 livi,
993 3886 1026 3939 79
1044 3887 1197 3954 „templum

143 3995 248 4056 septies
266 3982 462 4056 restitutum“,
486 3993 531 4053 ut,
554 3989 624 4050 quod
648 3987 681 4035 de
704 3987 810 4044 septem
828 3975 984 4030 architectis
1001 3973 1053 4024 sibi
1071 3971 1197 4024 traditum

144 4079 237 4147 inerit,
257 4081 291 4130 de
309 4078 408 4140 templo
427 4074 532 4136 septies
549 4071 680 4124 restituto
698 4069 758 4132 ipse
776 4065 953 4144 intelligeret.
