2910 4726
291 273 416 350 1581

290 461 444 526 decimum
474 462 590 525 vixisse
618 455 876 523 verisimillimum
906 467 955 523 est
969 459 1026 539 ⁸⁷).
1073 456 1210 524 Generis
1237 457 1347 546 splen-

289 565 400 632 dorem
422 567 546 643 virtute,
561 585 653 648 quam
678 572 710 627 et
732 564 842 627 eximia
865 583 940 650 erga
963 583 1130 650 pauperes,
1152 562 1268 650 quihus
1290 574 1347 629 aut

290 674 452 735 orationes
467 670 565 757 gratis
581 667 699 746 habuit,
713 677 767 732 aut
784 666 956 732 lectionum
971 666 1149 732 mercedem
1164 671 1284 732 remisit
1292 669 1346 748 ⁸⁸),

289 773 507 840 benivolentia
531 781 563 835 et
585 793 704 834 summa
732 775 765 834 in
787 774 893 857 ,ipsam
922 770 1177 858 rem-publicam
1205 771 1346 837 liberali·

289 888 353 942 tate
375 877 526 962 probavit
541 877 598 956 ³⁹),
627 885 660 940 et
688 878 763 940 artis
786 895 863 940 suae
886 873 989 962 gloria
1012 879 1105 955 auxit,
1127 879 1160 940 in
1183 897 1246 961 qua
1269 897 1344 940 num

290 981 448 1046 lorensem
471 978 684 1066 eloquentiam
708 982 807 1068 magis
829 978 1058 1046 admirarentur
1068 1001 1109 1044 an
1132 981 1344 1067 sophisticam,

289 1084 342 1148 vel
365 1087 425 1170 ipsi
449 1083 597 1170 aequales
621 1083 804 1149 dubitarunt
819 1084 878 1166 ⁴⁰).
947 1084 1152 1171 Quapropter
1175 1095 1207 1149 ct
1229 1087 1344 1148 aciri-

288 1188 347 1253 bus
364 1187 412 1268 ⁴¹)
436 1197 468 1252 et
496 1188 536 1253 ab
565 1192 637 1275 ipso
660 1189 854 1275 Imperatore
877 1187 998 1252 Severo
1015 1190 1063 1268 ⁴²)
1092 1188 1345 1252 summis-hono·

288 1292 375 1358 ribus
398 1292 531 1357 allectus
561 1303 609 1358 est
635 1292 831 1378 viridemque
860 1302 1020 1358 senectam
1048 1290 1090 1356 ad
1119 1313 1235 1356 annum
1259 1293 1343 1358 vitae

288 1399 553 1484 septuagesimum
576 1396 710 1462 feliciter
732 1395 882 1482 produxit
897 1398 953 1476 ⁴³).

520 1633 586 1717 m.
634 1631 879 1752 murrum.
927 1629 1116 1718 renam.

353 1821 406 1886 Ile
421 1822 717 1908 Xenophontis,
733 1826 787 1908 qui
802 1831 929 1908 praeter
939 1823 1102 1885 notissima
1120 1820 1343 1906 Ephesiaca,

288 1927 356 1990 sive
378 1925 420 1990 dc
442 1945 549 1989 amore
572 1927 707 1992 Anthiae
737 1935 769 1990 et
794 1925 1016 1990 Habrocomae
1045 1924 1145 1989 libros
1161 1927 1227 2004 ⁴⁴),
1251 1927 1343 1989 etiam

288 2027 329 2093 de
352 2027 562 2114 Ephesiorum
591 2053 627 2095 re
655 2030 783 2117 publica
811 2031 973 2116 scripsisse
1003 2028 1137 2094 traditur
1153 2029 1216 2108 ⁴⁶),
1239 2038 1343 2092 aetate

287 2139 374 2196 tanta
398 2143 447 2198 est
470 2135 544 2197 VV.
567 2134 642 2199 DD.
665 2139 890 2200 sententiarum
914 2133 1139 2219 discrepantia,
1167 2142 1217 2212 ut,
1247 2153 1343 2217 quum

174 2285 179 2296 .
287 2257 391 2322 neque
415 2259 452 2301 ex
474 2240 546 2325 ipso
569 2259 668 2325 opere
695 2259 799 2324 neque
828 2263 865 2304 ex
895 2238 1029 2303 aliorum
1061 2237 1102 2302 de
1124 2237 1343 2323 Xenophonte

286 2339 406 2426 judicio
422 2343 471 2422 ⁴⁰)
493 2352 612 2407 certum
635 2343 753 2429 aliquid
782 2343 841 2408 hac
870 2343 911 2408 de
939 2363 975 2406 re
998 2344 1148 2406 constitui
1177 2359 1276 2426 posse
1298 2344 1344 2404 vi·
1447 2337 1448 2343 '

287 2443 414 2524 deatur,
436 2449 487 2509 vix
516 2457 601 2511 certa
630 2447 705 2511 ferri
733 2451 837 2535 possit
865 2450 1032 2512 sententia.
1077 2445 1213 2509 Maxime
1236 2453 1342 2508 tamen

165 2534 168 2554 ¹
250 2594 260 2612 ,
286 2548 465 2633 probabilia
494 2551 569 2614 mihi
597 2552 760 2632 videntur,
795 2573 876 2638 quae
904 2549 1036 2616 Locella
1069 2549 1110 2614 de
1141 2557 1244 2613 aetate
1272 2551 1341 2634 ejus
1445 2615 1446 2637 ,

285 2653 422 2738 profert,
451 2653 627 2739 quibusque
656 2655 786 2720 saeculo
815 2655 958 2720 secundo
990 2665 1124 2719 exeunte
1153 2663 1207 2716 aut
1229 2651 1341 2716 saltem
1382 2715 1384 2719 .

286 2759 380 2820 tertio
403 2760 556 2821 inneunte
583 2757 657 2834 (vel
684 2761 792 2843 potius
821 2757 942 2836 medio,
972 2767 1007 2822 ut
1036 2755 1181 2843 equidem
1203 2760 1341 2843 opinor)

285 2859 531 2942 Xenophontem
560 2861 675 2923 vixisse
706 2864 853 2924 evincere
881 2861 941 2925 sihi
968 2865 1054 2926 visus
1085 2871 1133 2926 est
1148 2863 1205 2938 ⁴⁷).
1263 2861 1340 2946 Quo

284 2981 363 3024 varo
386 2964 495 3050 magis,
517 2962 605 3048 quod
628 2962 668 3028 ad
692 2973 826 3030 aetatem
853 2967 965 3032 attinet
986 2969 1069 3032 inter
1090 2988 1126 3032 se
1149 2965 1219 3028 Viri
1241 2963 1340 3028 Docti

286 3064 453 3146 dilieruut,
482 3089 522 3132 co
551 3071 650 3157 magis
679 3070 712 3133 in
736 3068 876 3134 dictione
898 3073 1058 3156 totiusque
1081 3069 1208 3137 labulae
1231 3068 1340 3132 habitu
1442 3049 1443 3077 ¹

355 3339 459 3411 38)111
477 3347 540 3398 foro
559 3347 722 3410 pauperibus
741 3355 839 3415 προῖκα
857 3345 903 3415 τὴν
926 3346 1023 3400 ἑαυτοῦ
1041 3345 1126 3419 φωνὴν
1149 3347 1245 3410 dabat,
1264 3348 1294 3396 el
1311 3344 1338 3395 ln
1439 3417 1440 3420 Ἴ

285 3440 447 3500 σοφιστικοῖς
464 3433 515 3483 τῶν
533 3429 614 3500 λόγων
627 3468 634 3483 .
646 3469 653 3483 .
667 3427 738 3503 ἠφίει
757 3433 803 3486 τὸν
819 3433 920 3505 μισθὸν
937 3436 984 3501 τῆς
1002 3429 1156 3506 ἀκροάσεως.
1203 3429 1257 3496 39)
1276 3432 1340 3484 Suis

286 3516 419 3566 sumtibus
438 3519 471 3567 ad
495 3519 667 3580 excipiendas
691 3533 783 3572 naves·
800 3522 941 3573 onerarias
963 3526 1060 3586 portus
1084 3519 1231 3586 exstruxit,
1253 3531 1340 3582 opera

288 3601 398 3663 publica
409 3605 585 3671 restauravit,
603 3609 691 3658 stoarn
706 3611 739 3658 ab
751 3611 817 3660 rrrbe
834 3609 867 3659 ad
881 3611 1007 3672 templum
1019 3609 1095 3659 duxit
1106 3605 1158 3675 (cf.
1171 3621 1197 3671 p.
1210 3607 1246 3674 ll,
1260 3600 1288 3672 §.
1301 3601 1339 3670 1).
1437 3673 1438 3684 ἶ

284 3685 337 3751 40)
355 3679 404 3739 Ἠν
419 3689 446 3739 δὲ
464 3687 596 3749 δικανικοῦ
610 3696 657 3758 μὲν
677 3691 900 3764 couterino-rapot,
919 3685 1072 3762 σοφιστικοῦ
1090 3695 1117 3745 di
1135 3693 1338 3763 δικανικῶτιφος.

260 3775 352 3826 'Phlh
371 3776 428 3826 l.l·
500 3770 554 3841 41)
572 3778 638 3828 Phll.
659 3793 685 3842 p.
705 3779 766 3832 102.
837 3776 889 3844 42)
907 3778 1228 3850 saltuumpmvie„
1284 3775 1337 3844 43)

284 3861 353 3912 Phil.
371 3863 390 3912 l.
410 3863 429 3912 l.
505 3855 558 3928 44)
576 3865 673 3916 suidas
692 3864 819 3935 Ξενοφῶν.
856 3869 922 3917 Eud.
940 3867 1112 3929 nuperrimae
1125 3869 1256 3918 [rocellae
1273 3870 1338 3916 sunt

284 3951 313 3996 el
330 3948 520 4010 Peerlkampii.
626 3946 680 4016 45)
697 3952 765 4022 ssipi
783 3953 830 4019 τῆς
852 3948 901 4002 τῶν
916 3945 1040 4022 Ἐφεσίων
1057 3953 1156 4012 πόλεως
1175 3954 1249 4005 Suld.
1268 3968 1292 4003 s.
1311 3967 1336 4002 v.

286 4029 336 4096 46)
355 4033 453 4084 suidas
471 4036 540 4087 eninr
559 4037 618 4089 iere
636 4041 713 4089 solus
731 4040 765 4088 de
783 4051 817 4088 eo
835 4037 910 4089 dixit.
981 4036 1033 4106 47)
1054 4042 1085 4091 in
1104 4042 1189 4105 praei.
1209 4039 1337 4091 editionis

283 4131 351 4170 suae
368 4120 478 4184 passim.
